{
  "generated": "2026-01-15T21:01:46.705Z",
  "note": "Quintile-level data extracted from YTD Excel files. One entry per (snapshot_date, quintile).",
  "record_count": 635,
  "data": [
    {
      "date": "2022-11-22",
      "fiscal_year": "FY23",
      "quintile": "jan-feb",
      "quintile_name": "Jan-Feb",
      "source_file": "2022.11.22 FY23 Ticket Sales Report.xlsx",
      "actual_revenue": 112198,
      "pct_budget": 17.8,
      "num_performances": 7,
      "budget": 629000,
      "total_seats": 0,
      "seats_sold": 1661,
      "capacity_pct": 0,
      "atp": 67.55,
      "programming": "Fountains & Pines of Rome (1); Wagner Flying Dutchman (1); Ruth Reinhardt & Sibelius (1)"
    },
    {
      "date": "2022-11-22",
      "fiscal_year": "FY23",
      "quintile": "mar-apr",
      "quintile_name": "Mar-Apr",
      "source_file": "2022.11.22 FY23 Ticket Sales Report.xlsx",
      "actual_revenue": 110888,
      "pct_budget": 30,
      "num_performances": 7,
      "budget": 369500,
      "total_seats": 0,
      "seats_sold": 1513,
      "capacity_pct": 0,
      "atp": 73.29,
      "programming": "Ravel Rapsodie/Scriabin Poem (1); Holst's \"The Planets\" (1); Rhapsody in Blue/Nielsen (1); Holst/Haydn/Hindemith (1)"
    },
    {
      "date": "2022-11-22",
      "fiscal_year": "FY23",
      "quintile": "may-jun",
      "quintile_name": "May-Jun",
      "source_file": "2022.11.22 FY23 Ticket Sales Report.xlsx",
      "actual_revenue": 118286,
      "pct_budget": 18.5,
      "num_performances": 6,
      "budget": 639000,
      "total_seats": 0,
      "seats_sold": 1645,
      "capacity_pct": 0,
      "atp": 71.91,
      "programming": "Mahler & Montgomery (1); The Rite of Spring/Ax/BeetPC3 (1); Broberg/Rach/Puccini/Tchaik (1)"
    },
    {
      "date": "2022-11-22",
      "fiscal_year": "FY23",
      "quintile": "nov-dec",
      "quintile_name": "Nov-Dec",
      "source_file": "2022.11.22 FY23 Ticket Sales Report.xlsx",
      "actual_revenue": 1093377,
      "pct_budget": 90.1,
      "num_performances": 8,
      "budget": 1213900,
      "total_seats": 0,
      "seats_sold": 15292,
      "capacity_pct": 0,
      "atp": 71.5,
      "programming": "Dvorak 8/Prokofiev PC 2 (1)"
    },
    {
      "date": "2022-11-22",
      "fiscal_year": "FY23",
      "quintile": "sep-oct",
      "quintile_name": "Sep-Oct",
      "source_file": "2022.11.22 FY23 Ticket Sales Report.xlsx",
      "actual_revenue": 716320,
      "pct_budget": 104.4,
      "num_performances": 6,
      "budget": 686218,
      "total_seats": 0,
      "seats_sold": 9736,
      "capacity_pct": 0,
      "atp": 73.57,
      "programming": "Copland 3/Saint-Saens VC 3 (1); Strauss' Alpine Symphony (1); Symphonie Fantastique (1)"
    },
    {
      "date": "2022-11-30",
      "fiscal_year": "FY23",
      "quintile": "jan-feb",
      "quintile_name": "Jan-Feb",
      "source_file": "2022.11.30 FY23 Ticket Sales Report.xlsx",
      "actual_revenue": 122842,
      "pct_budget": 19.5,
      "num_performances": 7,
      "budget": 629000,
      "total_seats": 0,
      "seats_sold": 1821,
      "capacity_pct": 0,
      "atp": 67.46,
      "programming": "Fountains & Pines of Rome (1); Wagner Flying Dutchman (1); Ruth Reinhardt & Sibelius (1)"
    },
    {
      "date": "2022-11-30",
      "fiscal_year": "FY23",
      "quintile": "mar-apr",
      "quintile_name": "Mar-Apr",
      "source_file": "2022.11.30 FY23 Ticket Sales Report.xlsx",
      "actual_revenue": 115492,
      "pct_budget": 31.3,
      "num_performances": 7,
      "budget": 369500,
      "total_seats": 0,
      "seats_sold": 1587,
      "capacity_pct": 0,
      "atp": 72.77,
      "programming": "Ravel Rapsodie/Scriabin Poem (1); Holst's \"The Planets\" (1); Rhapsody in Blue/Nielsen (1); Holst/Haydn/Hindemith (1)"
    },
    {
      "date": "2022-11-30",
      "fiscal_year": "FY23",
      "quintile": "may-jun",
      "quintile_name": "May-Jun",
      "source_file": "2022.11.30 FY23 Ticket Sales Report.xlsx",
      "actual_revenue": 122476,
      "pct_budget": 19.2,
      "num_performances": 6,
      "budget": 639000,
      "total_seats": 0,
      "seats_sold": 1695,
      "capacity_pct": 0,
      "atp": 72.26,
      "programming": "Mahler & Montgomery (1); The Rite of Spring/Ax/BeetPC3 (1); Broberg/Rach/Puccini/Tchaik (1)"
    },
    {
      "date": "2022-11-30",
      "fiscal_year": "FY23",
      "quintile": "nov-dec",
      "quintile_name": "Nov-Dec",
      "source_file": "2022.11.30 FY23 Ticket Sales Report.xlsx",
      "actual_revenue": 1206652,
      "pct_budget": 99.4,
      "num_performances": 8,
      "budget": 1213900,
      "total_seats": 0,
      "seats_sold": 16940,
      "capacity_pct": 0,
      "atp": 71.23,
      "programming": "Dvorak 8/Prokofiev PC 2 (1)"
    },
    {
      "date": "2022-11-30",
      "fiscal_year": "FY23",
      "quintile": "sep-oct",
      "quintile_name": "Sep-Oct",
      "source_file": "2022.11.30 FY23 Ticket Sales Report.xlsx",
      "actual_revenue": 716320,
      "pct_budget": 104.4,
      "num_performances": 6,
      "budget": 686218,
      "total_seats": 0,
      "seats_sold": 9736,
      "capacity_pct": 0,
      "atp": 73.57,
      "programming": "Copland 3/Saint-Saens VC 3 (1); Strauss' Alpine Symphony (1); Symphonie Fantastique (1)"
    },
    {
      "date": "2022-12-06",
      "fiscal_year": "FY23",
      "quintile": "jan-feb",
      "quintile_name": "Jan-Feb",
      "source_file": "2022.12.06 FY23 Ticket Sales Report.xlsx",
      "actual_revenue": 148812,
      "pct_budget": 23.7,
      "num_performances": 7,
      "budget": 629000,
      "total_seats": 0,
      "seats_sold": 2318,
      "capacity_pct": 0,
      "atp": 64.2,
      "programming": "Fountains & Pines of Rome (1); Wagner Flying Dutchman (1); Ruth Reinhardt & Sibelius (1)"
    },
    {
      "date": "2022-12-06",
      "fiscal_year": "FY23",
      "quintile": "mar-apr",
      "quintile_name": "Mar-Apr",
      "source_file": "2022.12.06 FY23 Ticket Sales Report.xlsx",
      "actual_revenue": 122659,
      "pct_budget": 33.2,
      "num_performances": 7,
      "budget": 369500,
      "total_seats": 0,
      "seats_sold": 1699,
      "capacity_pct": 0,
      "atp": 72.19,
      "programming": "Ravel Rapsodie/Scriabin Poem (1); Holst's \"The Planets\" (1); Rhapsody in Blue/Nielsen (1); Holst/Haydn/Hindemith (1)"
    },
    {
      "date": "2022-12-06",
      "fiscal_year": "FY23",
      "quintile": "may-jun",
      "quintile_name": "May-Jun",
      "source_file": "2022.12.06 FY23 Ticket Sales Report.xlsx",
      "actual_revenue": 129331,
      "pct_budget": 20.2,
      "num_performances": 6,
      "budget": 639000,
      "total_seats": 0,
      "seats_sold": 1787,
      "capacity_pct": 0,
      "atp": 72.37,
      "programming": "Mahler & Montgomery (1); The Rite of Spring/Ax/BeetPC3 (1); Broberg/Rach/Puccini/Tchaik (1)"
    },
    {
      "date": "2022-12-06",
      "fiscal_year": "FY23",
      "quintile": "nov-dec",
      "quintile_name": "Nov-Dec",
      "source_file": "2022.12.06 FY23 Ticket Sales Report.xlsx",
      "actual_revenue": 1332319,
      "pct_budget": 99.5,
      "num_performances": 8,
      "budget": 1338900,
      "total_seats": 0,
      "seats_sold": 19182,
      "capacity_pct": 0,
      "atp": 69.46,
      "programming": "Dvorak 8/Prokofiev PC 2 (1)"
    },
    {
      "date": "2022-12-06",
      "fiscal_year": "FY23",
      "quintile": "sep-oct",
      "quintile_name": "Sep-Oct",
      "source_file": "2022.12.06 FY23 Ticket Sales Report.xlsx",
      "actual_revenue": 716320,
      "pct_budget": 104.4,
      "num_performances": 6,
      "budget": 686218,
      "total_seats": 0,
      "seats_sold": 9736,
      "capacity_pct": 0,
      "atp": 73.57,
      "programming": "Copland 3/Saint-Saens VC 3 (1); Strauss' Alpine Symphony (1); Symphonie Fantastique (1)"
    },
    {
      "date": "2022-12-12",
      "fiscal_year": "FY23",
      "quintile": "jan-feb",
      "quintile_name": "Jan-Feb",
      "source_file": "2022.12.12 FY23 Ticket Sales Report.xlsx",
      "actual_revenue": 171514,
      "pct_budget": 27.3,
      "num_performances": 7,
      "budget": 629000,
      "total_seats": 0,
      "seats_sold": 2665,
      "capacity_pct": 0,
      "atp": 64.36,
      "programming": "Fountains & Pines of Rome (1); Wagner Flying Dutchman (1); Ruth Reinhardt & Sibelius (1)"
    },
    {
      "date": "2022-12-12",
      "fiscal_year": "FY23",
      "quintile": "mar-apr",
      "quintile_name": "Mar-Apr",
      "source_file": "2022.12.12 FY23 Ticket Sales Report.xlsx",
      "actual_revenue": 131596,
      "pct_budget": 35.6,
      "num_performances": 7,
      "budget": 369500,
      "total_seats": 0,
      "seats_sold": 1815,
      "capacity_pct": 0,
      "atp": 72.5,
      "programming": "Ravel Rapsodie/Scriabin Poem (1); Holst's \"The Planets\" (1); Rhapsody in Blue/Nielsen (1); Holst/Haydn/Hindemith (1)"
    },
    {
      "date": "2022-12-12",
      "fiscal_year": "FY23",
      "quintile": "may-jun",
      "quintile_name": "May-Jun",
      "source_file": "2022.12.12 FY23 Ticket Sales Report.xlsx",
      "actual_revenue": 138471,
      "pct_budget": 21.7,
      "num_performances": 6,
      "budget": 639000,
      "total_seats": 0,
      "seats_sold": 1902,
      "capacity_pct": 0,
      "atp": 72.8,
      "programming": "Mahler & Montgomery (1); The Rite of Spring/Ax/BeetPC3 (1); Broberg/Rach/Puccini/Tchaik (1)"
    },
    {
      "date": "2022-12-12",
      "fiscal_year": "FY23",
      "quintile": "nov-dec",
      "quintile_name": "Nov-Dec",
      "source_file": "2022.12.12 FY23 Ticket Sales Report.xlsx",
      "actual_revenue": 1412207,
      "pct_budget": 105.5,
      "num_performances": 8,
      "budget": 1338900,
      "total_seats": 0,
      "seats_sold": 20465,
      "capacity_pct": 0,
      "atp": 69.01,
      "programming": "Dvorak 8/Prokofiev PC 2 (1)"
    },
    {
      "date": "2022-12-12",
      "fiscal_year": "FY23",
      "quintile": "sep-oct",
      "quintile_name": "Sep-Oct",
      "source_file": "2022.12.12 FY23 Ticket Sales Report.xlsx",
      "actual_revenue": 716320,
      "pct_budget": 104.4,
      "num_performances": 6,
      "budget": 686218,
      "total_seats": 0,
      "seats_sold": 9736,
      "capacity_pct": 0,
      "atp": 73.57,
      "programming": "Copland 3/Saint-Saens VC 3 (1); Strauss' Alpine Symphony (1); Symphonie Fantastique (1)"
    },
    {
      "date": "2022-12-17",
      "fiscal_year": "FY23",
      "quintile": "jan-feb",
      "quintile_name": "Jan-Feb",
      "source_file": "2022.12.17 FY23 Ticket Sales Report.xlsx",
      "actual_revenue": 378150,
      "pct_budget": 60.1,
      "num_performances": 7,
      "budget": 629000,
      "total_seats": 0,
      "seats_sold": 6350,
      "capacity_pct": 0,
      "atp": 59.55,
      "programming": "Fountains & Pines of Rome (1); Wagner's Dutchman/Sibelius (1); Ruth Reinhardt & Sibelius (1)"
    },
    {
      "date": "2022-12-17",
      "fiscal_year": "FY23",
      "quintile": "mar-apr",
      "quintile_name": "Mar-Apr",
      "source_file": "2022.12.17 FY23 Ticket Sales Report.xlsx",
      "actual_revenue": 329474,
      "pct_budget": 53.2,
      "num_performances": 8,
      "budget": 619500,
      "total_seats": 0,
      "seats_sold": 4453,
      "capacity_pct": 0,
      "atp": 73.99,
      "programming": "Ravel Rapsodie/Scriabin Poem (1); Holst's \"The Planets\" (1); Rhapsody in Blue/Nielsen (1); Holst/Haydn/Hindemith (1)"
    },
    {
      "date": "2022-12-17",
      "fiscal_year": "FY23",
      "quintile": "may-jun",
      "quintile_name": "May-Jun",
      "source_file": "2022.12.17 FY23 Ticket Sales Report.xlsx",
      "actual_revenue": 186994,
      "pct_budget": 29.3,
      "num_performances": 6,
      "budget": 639000,
      "total_seats": 0,
      "seats_sold": 2515,
      "capacity_pct": 0,
      "atp": 74.35,
      "programming": "Mahler & Montgomery (1); The Rite of Spring/Ax/BeetPC3 (1); Broberg/Rach/Puccini/Tchaik (1)"
    },
    {
      "date": "2022-12-17",
      "fiscal_year": "FY23",
      "quintile": "nov-dec",
      "quintile_name": "Nov-Dec",
      "source_file": "2022.12.17 FY23 Ticket Sales Report.xlsx",
      "actual_revenue": 1322075,
      "pct_budget": 121.4,
      "num_performances": 7,
      "budget": 1088900,
      "total_seats": 0,
      "seats_sold": 26964,
      "capacity_pct": 0,
      "atp": 49.03,
      "programming": "Dvorak 8/Prokofiev PC 2 (1)"
    },
    {
      "date": "2022-12-17",
      "fiscal_year": "FY23",
      "quintile": "sep-oct",
      "quintile_name": "Sep-Oct",
      "source_file": "2022.12.17 FY23 Ticket Sales Report.xlsx",
      "actual_revenue": 716320,
      "pct_budget": 104.4,
      "num_performances": 6,
      "budget": 686218,
      "total_seats": 0,
      "seats_sold": 9736,
      "capacity_pct": 0,
      "atp": 73.57,
      "programming": "Copland 3/Saint-Saens VC 3 (1); Strauss' Alpine Symphony (1); Symphonie Fantastique (1)"
    },
    {
      "date": "2023-02-09",
      "fiscal_year": "FY23",
      "quintile": "jan-feb",
      "quintile_name": "Jan-Feb",
      "source_file": "2023.02.09 FY23 Ticket Sales Report.xlsx",
      "actual_revenue": 513359,
      "pct_budget": 81.6,
      "num_performances": 7,
      "budget": 629000,
      "total_seats": 0,
      "seats_sold": 8950,
      "capacity_pct": 0,
      "atp": 57.36,
      "programming": "Fountains & Pines of Rome (1); Wagner's Dutchman/Sibelius (1); Ruth Reinhardt & Sibelius (1)"
    },
    {
      "date": "2023-02-09",
      "fiscal_year": "FY23",
      "quintile": "mar-apr",
      "quintile_name": "Mar-Apr",
      "source_file": "2023.02.09 FY23 Ticket Sales Report.xlsx",
      "actual_revenue": 387083,
      "pct_budget": 62.5,
      "num_performances": 8,
      "budget": 619500,
      "total_seats": 0,
      "seats_sold": 5366,
      "capacity_pct": 0,
      "atp": 72.14,
      "programming": "Ravel Rapsodie/Scriabin Poem (1); Holst's \"The Planets\" (1); Rhapsody in Blue/Nielsen (1); Holst/Haydn/Hindemith (1)"
    },
    {
      "date": "2023-02-09",
      "fiscal_year": "FY23",
      "quintile": "may-jun",
      "quintile_name": "May-Jun",
      "source_file": "2023.02.09 FY23 Ticket Sales Report.xlsx",
      "actual_revenue": 228365,
      "pct_budget": 35.7,
      "num_performances": 6,
      "budget": 639000,
      "total_seats": 0,
      "seats_sold": 2994,
      "capacity_pct": 0,
      "atp": 76.27,
      "programming": "Mahler & Montgomery (1); The Rite of Spring/Ax/BeetPC3 (1); Broberg/Rach/Puccini/Tchaik (1)"
    },
    {
      "date": "2023-02-09",
      "fiscal_year": "FY23",
      "quintile": "nov-dec",
      "quintile_name": "Nov-Dec",
      "source_file": "2023.02.09 FY23 Ticket Sales Report.xlsx",
      "actual_revenue": 1322075,
      "pct_budget": 121.4,
      "num_performances": 7,
      "budget": 1088900,
      "total_seats": 0,
      "seats_sold": 19641,
      "capacity_pct": 0,
      "atp": 67.31,
      "programming": "Dvorak 8/Prokofiev PC 2 (1)"
    },
    {
      "date": "2023-02-09",
      "fiscal_year": "FY23",
      "quintile": "sep-oct",
      "quintile_name": "Sep-Oct",
      "source_file": "2023.02.09 FY23 Ticket Sales Report.xlsx",
      "actual_revenue": 716320,
      "pct_budget": 104.4,
      "num_performances": 6,
      "budget": 686218,
      "total_seats": 0,
      "seats_sold": 9736,
      "capacity_pct": 0,
      "atp": 73.57,
      "programming": "Copland 3/Saint-Saens VC 3 (1); Strauss' Alpine Symphony (1); Symphonie Fantastique (1)"
    },
    {
      "date": "2023-03-07",
      "fiscal_year": "FY23",
      "quintile": "jan-feb",
      "quintile_name": "Jan-Feb",
      "source_file": "2023.03.07 FY23 Ticket Sales Report.xlsx",
      "actual_revenue": 519969,
      "pct_budget": 82.7,
      "num_performances": 7,
      "budget": 629000,
      "total_seats": 0,
      "seats_sold": 9105,
      "capacity_pct": 0,
      "atp": 57.11,
      "programming": "Fountains & Pines of Rome (1); Wagner's Dutchman/Sibelius (1); Ruth Reinhardt & Sibelius (1)"
    },
    {
      "date": "2023-03-07",
      "fiscal_year": "FY23",
      "quintile": "jan-feb",
      "quintile_name": "Jan-Feb",
      "source_file": "2023.03.07.2 FY23 Ticket Sales Report.xlsx",
      "actual_revenue": 519969,
      "pct_budget": 82.7,
      "num_performances": 7,
      "budget": 629000,
      "total_seats": 0,
      "seats_sold": 9105,
      "capacity_pct": 0,
      "atp": 57.11,
      "programming": "Fountains & Pines of Rome (1); Wagner's Dutchman/Sibelius (1); Ruth Reinhardt & Sibelius (1)"
    },
    {
      "date": "2023-03-07",
      "fiscal_year": "FY23",
      "quintile": "mar-apr",
      "quintile_name": "Mar-Apr",
      "source_file": "2023.03.07 FY23 Ticket Sales Report.xlsx",
      "actual_revenue": 537392,
      "pct_budget": 86.7,
      "num_performances": 8,
      "budget": 619500,
      "total_seats": 0,
      "seats_sold": 7741,
      "capacity_pct": 0,
      "atp": 69.42,
      "programming": "Ravel Rapsodie/Scriabin Poem (1); Holst's \"The Planets\" (1); Rhapsody in Blue/Nielsen (1); Holst/Haydn/Hindemith (1)"
    },
    {
      "date": "2023-03-07",
      "fiscal_year": "FY23",
      "quintile": "mar-apr",
      "quintile_name": "Mar-Apr",
      "source_file": "2023.03.07.2 FY23 Ticket Sales Report.xlsx",
      "actual_revenue": 537392,
      "pct_budget": 86.7,
      "num_performances": 8,
      "budget": 619500,
      "total_seats": 0,
      "seats_sold": 7741,
      "capacity_pct": 0,
      "atp": 69.42,
      "programming": "Ravel Rapsodie/Scriabin Poem (1); Holst's \"The Planets\" (1); Rhapsody in Blue/Nielsen (1); Holst/Haydn/Hindemith (1)"
    },
    {
      "date": "2023-03-07",
      "fiscal_year": "FY23",
      "quintile": "may-jun",
      "quintile_name": "May-Jun",
      "source_file": "2023.03.07 FY23 Ticket Sales Report.xlsx",
      "actual_revenue": 271206,
      "pct_budget": 42.4,
      "num_performances": 6,
      "budget": 639000,
      "total_seats": 0,
      "seats_sold": 3594,
      "capacity_pct": 0,
      "atp": 75.46,
      "programming": "Mahler & Montgomery (1); The Rite of Spring/Ax/BeetPC3 (1); Broberg/Rach/Puccini/Tchaik (1)"
    },
    {
      "date": "2023-03-07",
      "fiscal_year": "FY23",
      "quintile": "may-jun",
      "quintile_name": "May-Jun",
      "source_file": "2023.03.07.2 FY23 Ticket Sales Report.xlsx",
      "actual_revenue": 271206,
      "pct_budget": 42.4,
      "num_performances": 6,
      "budget": 639000,
      "total_seats": 0,
      "seats_sold": 3594,
      "capacity_pct": 0,
      "atp": 75.46,
      "programming": "Mahler & Montgomery (1); The Rite of Spring/Ax/BeetPC3 (1); Broberg/Rach/Puccini/Tchaik (1)"
    },
    {
      "date": "2023-03-07",
      "fiscal_year": "FY23",
      "quintile": "nov-dec",
      "quintile_name": "Nov-Dec",
      "source_file": "2023.03.07 FY23 Ticket Sales Report.xlsx",
      "actual_revenue": 1322075,
      "pct_budget": 121.4,
      "num_performances": 7,
      "budget": 1088900,
      "total_seats": 0,
      "seats_sold": 19641,
      "capacity_pct": 0,
      "atp": 67.31,
      "programming": "Dvorak 8/Prokofiev PC 2 (1)"
    },
    {
      "date": "2023-03-07",
      "fiscal_year": "FY23",
      "quintile": "nov-dec",
      "quintile_name": "Nov-Dec",
      "source_file": "2023.03.07.2 FY23 Ticket Sales Report.xlsx",
      "actual_revenue": 1322075,
      "pct_budget": 121.4,
      "num_performances": 7,
      "budget": 1088900,
      "total_seats": 0,
      "seats_sold": 19641,
      "capacity_pct": 0,
      "atp": 67.31,
      "programming": "Dvorak 8/Prokofiev PC 2 (1)"
    },
    {
      "date": "2023-03-07",
      "fiscal_year": "FY23",
      "quintile": "sep-oct",
      "quintile_name": "Sep-Oct",
      "source_file": "2023.03.07 FY23 Ticket Sales Report.xlsx",
      "actual_revenue": 716320,
      "pct_budget": 104.4,
      "num_performances": 6,
      "budget": 686218,
      "total_seats": 0,
      "seats_sold": 9736,
      "capacity_pct": 0,
      "atp": 73.57,
      "programming": "Copland 3/Saint-Saens VC 3 (1); Strauss' Alpine Symphony (1); Symphonie Fantastique (1)"
    },
    {
      "date": "2023-03-07",
      "fiscal_year": "FY23",
      "quintile": "sep-oct",
      "quintile_name": "Sep-Oct",
      "source_file": "2023.03.07.2 FY23 Ticket Sales Report.xlsx",
      "actual_revenue": 716320,
      "pct_budget": 104.4,
      "num_performances": 6,
      "budget": 686218,
      "total_seats": 0,
      "seats_sold": 9736,
      "capacity_pct": 0,
      "atp": 73.57,
      "programming": "Copland 3/Saint-Saens VC 3 (1); Strauss' Alpine Symphony (1); Symphonie Fantastique (1)"
    },
    {
      "date": "2023-03-20",
      "fiscal_year": "FY23",
      "quintile": "jan-feb",
      "quintile_name": "Jan-Feb",
      "source_file": "2023.03.20 FY23 Ticket Sales Report.xlsx",
      "actual_revenue": 519969,
      "pct_budget": 82.7,
      "num_performances": 7,
      "budget": 629000,
      "total_seats": 0,
      "seats_sold": 9105,
      "capacity_pct": 0,
      "atp": 57.11,
      "programming": "Fountains & Pines of Rome (1); Wagner's Dutchman/Sibelius (1); Ruth Reinhardt & Sibelius (1)"
    },
    {
      "date": "2023-03-20",
      "fiscal_year": "FY23",
      "quintile": "jan-feb",
      "quintile_name": "Jan-Feb",
      "source_file": "2023.03.20.2 FY23 Ticket Sales Report.xlsx",
      "actual_revenue": 519969,
      "pct_budget": 82.7,
      "num_performances": 7,
      "budget": 629000,
      "total_seats": 0,
      "seats_sold": 9105,
      "capacity_pct": 0,
      "atp": 57.11,
      "programming": "Fountains & Pines of Rome (1); Wagner's Dutchman/Sibelius (1); Ruth Reinhardt & Sibelius (1)"
    },
    {
      "date": "2023-03-20",
      "fiscal_year": "FY23",
      "quintile": "mar-apr",
      "quintile_name": "Mar-Apr",
      "source_file": "2023.03.20 FY23 Ticket Sales Report.xlsx",
      "actual_revenue": 630987,
      "pct_budget": 101.9,
      "num_performances": 8,
      "budget": 619500,
      "total_seats": 0,
      "seats_sold": 9516,
      "capacity_pct": 0,
      "atp": 66.31,
      "programming": "Ravel Rapsodie/Scriabin Poem (1); Holst's \"The Planets\" (1); Rhapsody in Blue/Nielsen (1); Holst/Haydn/Hindemith (1)"
    },
    {
      "date": "2023-03-20",
      "fiscal_year": "FY23",
      "quintile": "mar-apr",
      "quintile_name": "Mar-Apr",
      "source_file": "2023.03.20.2 FY23 Ticket Sales Report.xlsx",
      "actual_revenue": 630987,
      "pct_budget": 101.9,
      "num_performances": 8,
      "budget": 619500,
      "total_seats": 0,
      "seats_sold": 9516,
      "capacity_pct": 0,
      "atp": 66.31,
      "programming": "Ravel Rapsodie/Scriabin Poem (1); Holst's \"The Planets\" (1); Rhapsody in Blue/Nielsen (1); Holst/Haydn/Hindemith (1)"
    },
    {
      "date": "2023-03-20",
      "fiscal_year": "FY23",
      "quintile": "may-jun",
      "quintile_name": "May-Jun",
      "source_file": "2023.03.20 FY23 Ticket Sales Report.xlsx",
      "actual_revenue": 298899,
      "pct_budget": 46.8,
      "num_performances": 6,
      "budget": 639000,
      "total_seats": 0,
      "seats_sold": 3960,
      "capacity_pct": 0,
      "atp": 75.48,
      "programming": "Mahler & Montgomery (1); The Rite of Spring/Ax/BeetPC3 (1); Broberg/Rach/Puccini/Tchaik (1)"
    },
    {
      "date": "2023-03-20",
      "fiscal_year": "FY23",
      "quintile": "may-jun",
      "quintile_name": "May-Jun",
      "source_file": "2023.03.20.2 FY23 Ticket Sales Report.xlsx",
      "actual_revenue": 298899,
      "pct_budget": 46.8,
      "num_performances": 6,
      "budget": 639000,
      "total_seats": 0,
      "seats_sold": 3960,
      "capacity_pct": 0,
      "atp": 75.48,
      "programming": "Mahler & Montgomery (1); The Rite of Spring/Ax/BeetPC3 (1); Broberg/Rach/Puccini/Tchaik (1)"
    },
    {
      "date": "2023-03-20",
      "fiscal_year": "FY23",
      "quintile": "nov-dec",
      "quintile_name": "Nov-Dec",
      "source_file": "2023.03.20 FY23 Ticket Sales Report.xlsx",
      "actual_revenue": 1322075,
      "pct_budget": 121.4,
      "num_performances": 7,
      "budget": 1088900,
      "total_seats": 0,
      "seats_sold": 19641,
      "capacity_pct": 0,
      "atp": 67.31,
      "programming": "Dvorak 8/Prokofiev PC 2 (1)"
    },
    {
      "date": "2023-03-20",
      "fiscal_year": "FY23",
      "quintile": "nov-dec",
      "quintile_name": "Nov-Dec",
      "source_file": "2023.03.20.2 FY23 Ticket Sales Report.xlsx",
      "actual_revenue": 1322075,
      "pct_budget": 121.4,
      "num_performances": 7,
      "budget": 1088900,
      "total_seats": 0,
      "seats_sold": 19641,
      "capacity_pct": 0,
      "atp": 67.31,
      "programming": "Dvorak 8/Prokofiev PC 2 (1)"
    },
    {
      "date": "2023-03-20",
      "fiscal_year": "FY23",
      "quintile": "sep-oct",
      "quintile_name": "Sep-Oct",
      "source_file": "2023.03.20 FY23 Ticket Sales Report.xlsx",
      "actual_revenue": 716320,
      "pct_budget": 104.4,
      "num_performances": 6,
      "budget": 686218,
      "total_seats": 0,
      "seats_sold": 9736,
      "capacity_pct": 0,
      "atp": 73.57,
      "programming": "Copland 3/Saint-Saens VC 3 (1); Strauss' Alpine Symphony (1); Symphonie Fantastique (1)"
    },
    {
      "date": "2023-03-20",
      "fiscal_year": "FY23",
      "quintile": "sep-oct",
      "quintile_name": "Sep-Oct",
      "source_file": "2023.03.20.2 FY23 Ticket Sales Report.xlsx",
      "actual_revenue": 716320,
      "pct_budget": 104.4,
      "num_performances": 6,
      "budget": 686218,
      "total_seats": 0,
      "seats_sold": 9736,
      "capacity_pct": 0,
      "atp": 73.57,
      "programming": "Copland 3/Saint-Saens VC 3 (1); Strauss' Alpine Symphony (1); Symphonie Fantastique (1)"
    },
    {
      "date": "2023-03-29",
      "fiscal_year": "FY23",
      "quintile": "jan-feb",
      "quintile_name": "Jan-Feb",
      "source_file": "2023.03.29 FY23 Ticket Sales Report.xlsx",
      "actual_revenue": 519969,
      "pct_budget": 82.7,
      "num_performances": 7,
      "budget": 629000,
      "total_seats": 0,
      "seats_sold": 9105,
      "capacity_pct": 0,
      "atp": 57.11,
      "programming": "Fountains & Pines of Rome (1); Wagner's Dutchman/Sibelius (1); Ruth Reinhardt & Sibelius (1)"
    },
    {
      "date": "2023-03-29",
      "fiscal_year": "FY23",
      "quintile": "mar-apr",
      "quintile_name": "Mar-Apr",
      "source_file": "2023.03.29 FY23 Ticket Sales Report.xlsx",
      "actual_revenue": 668697,
      "pct_budget": 107.9,
      "num_performances": 8,
      "budget": 619500,
      "total_seats": 0,
      "seats_sold": 10338,
      "capacity_pct": 0,
      "atp": 64.68,
      "programming": "Ravel Rapsodie/Scriabin Poem (1); Holst's \"The Planets\" (1); Rhapsody in Blue/Nielsen (1); Holst/Haydn/Hindemith (1)"
    },
    {
      "date": "2023-03-29",
      "fiscal_year": "FY23",
      "quintile": "may-jun",
      "quintile_name": "May-Jun",
      "source_file": "2023.03.29 FY23 Ticket Sales Report.xlsx",
      "actual_revenue": 315609,
      "pct_budget": 49.4,
      "num_performances": 6,
      "budget": 639000,
      "total_seats": 0,
      "seats_sold": 4193,
      "capacity_pct": 0,
      "atp": 75.27,
      "programming": "Mahler & Montgomery (1); The Rite of Spring/Ax/BeetPC3 (1); Broberg/Rach/Puccini/Tchaik (1)"
    },
    {
      "date": "2023-03-29",
      "fiscal_year": "FY23",
      "quintile": "nov-dec",
      "quintile_name": "Nov-Dec",
      "source_file": "2023.03.29 FY23 Ticket Sales Report.xlsx",
      "actual_revenue": 1322075,
      "pct_budget": 121.4,
      "num_performances": 7,
      "budget": 1088900,
      "total_seats": 0,
      "seats_sold": 19641,
      "capacity_pct": 0,
      "atp": 67.31,
      "programming": "Dvorak 8/Prokofiev PC 2 (1)"
    },
    {
      "date": "2023-03-29",
      "fiscal_year": "FY23",
      "quintile": "sep-oct",
      "quintile_name": "Sep-Oct",
      "source_file": "2023.03.29 FY23 Ticket Sales Report.xlsx",
      "actual_revenue": 716320,
      "pct_budget": 104.4,
      "num_performances": 6,
      "budget": 686218,
      "total_seats": 0,
      "seats_sold": 9736,
      "capacity_pct": 0,
      "atp": 73.57,
      "programming": "Copland 3/Saint-Saens VC 3 (1); Strauss' Alpine Symphony (1); Symphonie Fantastique (1)"
    },
    {
      "date": "2023-04-03",
      "fiscal_year": "FY23",
      "quintile": "jan-feb",
      "quintile_name": "Jan-Feb",
      "source_file": "2023.04.03 FY23 Ticket Sales Report.xlsx",
      "actual_revenue": 519969,
      "pct_budget": 82.7,
      "num_performances": 7,
      "budget": 629000,
      "total_seats": 0,
      "seats_sold": 9105,
      "capacity_pct": 0,
      "atp": 57.11,
      "programming": "Fountains & Pines of Rome (1); Wagner's Dutchman/Sibelius (1); Ruth Reinhardt & Sibelius (1)"
    },
    {
      "date": "2023-04-03",
      "fiscal_year": "FY23",
      "quintile": "mar-apr",
      "quintile_name": "Mar-Apr",
      "source_file": "2023.04.03 FY23 Ticket Sales Report.xlsx",
      "actual_revenue": 695093,
      "pct_budget": 112.2,
      "num_performances": 8,
      "budget": 619500,
      "total_seats": 0,
      "seats_sold": 10907,
      "capacity_pct": 0,
      "atp": 63.73,
      "programming": "Ravel Rapsodie/Scriabin Poem (1); Holst's \"The Planets\" (1); Rhapsody in Blue/Nielsen (1); Holst/Haydn/Hindemith (1)"
    },
    {
      "date": "2023-04-03",
      "fiscal_year": "FY23",
      "quintile": "may-jun",
      "quintile_name": "May-Jun",
      "source_file": "2023.04.03 FY23 Ticket Sales Report.xlsx",
      "actual_revenue": 350667,
      "pct_budget": 54.9,
      "num_performances": 6,
      "budget": 639000,
      "total_seats": 0,
      "seats_sold": 4684,
      "capacity_pct": 0,
      "atp": 74.86,
      "programming": "Mahler & Montgomery (1); The Rite of Spring/Ax/BeetPC3 (1); Broberg/Rach/Puccini/Tchaik (1)"
    },
    {
      "date": "2023-04-03",
      "fiscal_year": "FY23",
      "quintile": "nov-dec",
      "quintile_name": "Nov-Dec",
      "source_file": "2023.04.03 FY23 Ticket Sales Report.xlsx",
      "actual_revenue": 1322075,
      "pct_budget": 121.4,
      "num_performances": 7,
      "budget": 1088900,
      "total_seats": 0,
      "seats_sold": 19641,
      "capacity_pct": 0,
      "atp": 67.31,
      "programming": "Dvorak 8/Prokofiev PC 2 (1)"
    },
    {
      "date": "2023-04-03",
      "fiscal_year": "FY23",
      "quintile": "sep-oct",
      "quintile_name": "Sep-Oct",
      "source_file": "2023.04.03 FY23 Ticket Sales Report.xlsx",
      "actual_revenue": 716320,
      "pct_budget": 104.4,
      "num_performances": 6,
      "budget": 686218,
      "total_seats": 0,
      "seats_sold": 9736,
      "capacity_pct": 0,
      "atp": 73.57,
      "programming": "Copland 3/Saint-Saens VC 3 (1); Strauss' Alpine Symphony (1); Symphonie Fantastique (1)"
    },
    {
      "date": "2023-04-12",
      "fiscal_year": "FY23",
      "quintile": "jan-feb",
      "quintile_name": "Jan-Feb",
      "source_file": "2023.04.12 FY23 Ticket Sales Report.xlsx",
      "actual_revenue": 519969,
      "pct_budget": 82.7,
      "num_performances": 7,
      "budget": 629000,
      "total_seats": 0,
      "seats_sold": 9105,
      "capacity_pct": 0,
      "atp": 57.11,
      "programming": "Fountains & Pines of Rome (1); Wagner's Dutchman/Sibelius (1); Ruth Reinhardt & Sibelius (1)"
    },
    {
      "date": "2023-04-12",
      "fiscal_year": "FY23",
      "quintile": "mar-apr",
      "quintile_name": "Mar-Apr",
      "source_file": "2023.04.12 FY23 Ticket Sales Report.xlsx",
      "actual_revenue": 704288,
      "pct_budget": 113.7,
      "num_performances": 8,
      "budget": 619500,
      "total_seats": 0,
      "seats_sold": 11061,
      "capacity_pct": 0,
      "atp": 63.67,
      "programming": "Ravel Rapsodie/Scriabin Poem (1); Holst's \"The Planets\" (1); Rhapsody in Blue/Nielsen (1); Holst/Haydn/Hindemith (1)"
    },
    {
      "date": "2023-04-12",
      "fiscal_year": "FY23",
      "quintile": "may-jun",
      "quintile_name": "May-Jun",
      "source_file": "2023.04.12 FY23 Ticket Sales Report.xlsx",
      "actual_revenue": 368865,
      "pct_budget": 57.7,
      "num_performances": 6,
      "budget": 639000,
      "total_seats": 0,
      "seats_sold": 4930,
      "capacity_pct": 0,
      "atp": 74.82,
      "programming": "Mahler & Montgomery (1); The Rite of Spring/Ax/BeetPC3 (1); Broberg/Rach/Puccini/Tchaik (1)"
    },
    {
      "date": "2023-04-12",
      "fiscal_year": "FY23",
      "quintile": "nov-dec",
      "quintile_name": "Nov-Dec",
      "source_file": "2023.04.12 FY23 Ticket Sales Report.xlsx",
      "actual_revenue": 1322075,
      "pct_budget": 121.4,
      "num_performances": 7,
      "budget": 1088900,
      "total_seats": 0,
      "seats_sold": 19641,
      "capacity_pct": 0,
      "atp": 67.31,
      "programming": "Dvorak 8/Prokofiev PC 2 (1)"
    },
    {
      "date": "2023-04-12",
      "fiscal_year": "FY23",
      "quintile": "sep-oct",
      "quintile_name": "Sep-Oct",
      "source_file": "2023.04.12 FY23 Ticket Sales Report.xlsx",
      "actual_revenue": 716320,
      "pct_budget": 104.4,
      "num_performances": 6,
      "budget": 686218,
      "total_seats": 0,
      "seats_sold": 9736,
      "capacity_pct": 0,
      "atp": 73.57,
      "programming": "Copland 3/Saint-Saens VC 3 (1); Strauss' Alpine Symphony (1); Symphonie Fantastique (1)"
    },
    {
      "date": "2023-04-19",
      "fiscal_year": "FY23",
      "quintile": "jan-feb",
      "quintile_name": "Jan-Feb",
      "source_file": "2023.04.19 FY23 Ticket Sales Report.xlsx",
      "actual_revenue": 519969,
      "pct_budget": 82.7,
      "num_performances": 7,
      "budget": 629000,
      "total_seats": 0,
      "seats_sold": 9105,
      "capacity_pct": 0,
      "atp": 57.11,
      "programming": "Fountains & Pines of Rome (1); Wagner's Dutchman/Sibelius (1); Ruth Reinhardt & Sibelius (1)"
    },
    {
      "date": "2023-04-19",
      "fiscal_year": "FY23",
      "quintile": "mar-apr",
      "quintile_name": "Mar-Apr",
      "source_file": "2023.04.19 FY23 Ticket Sales Report.xlsx",
      "actual_revenue": 718528,
      "pct_budget": 116,
      "num_performances": 8,
      "budget": 619500,
      "total_seats": 0,
      "seats_sold": 11281,
      "capacity_pct": 0,
      "atp": 63.69,
      "programming": "Ravel Rapsodie/Scriabin Poem (1); Holst's \"The Planets\" (1); Rhapsody in Blue/Nielsen (1); Holst/Haydn/Hindemith (1)"
    },
    {
      "date": "2023-04-19",
      "fiscal_year": "FY23",
      "quintile": "may-jun",
      "quintile_name": "May-Jun",
      "source_file": "2023.04.19 FY23 Ticket Sales Report.xlsx",
      "actual_revenue": 387013,
      "pct_budget": 60.6,
      "num_performances": 6,
      "budget": 639000,
      "total_seats": 0,
      "seats_sold": 5174,
      "capacity_pct": 0,
      "atp": 74.8,
      "programming": "Mahler & Montgomery (1); The Rite of Spring/Ax/BeetPC3 (1); Broberg/Rach/Puccini/Tchaik (1)"
    },
    {
      "date": "2023-04-19",
      "fiscal_year": "FY23",
      "quintile": "nov-dec",
      "quintile_name": "Nov-Dec",
      "source_file": "2023.04.19 FY23 Ticket Sales Report.xlsx",
      "actual_revenue": 1322075,
      "pct_budget": 121.4,
      "num_performances": 7,
      "budget": 1088900,
      "total_seats": 0,
      "seats_sold": 19641,
      "capacity_pct": 0,
      "atp": 67.31,
      "programming": "Dvorak 8/Prokofiev PC 2 (1)"
    },
    {
      "date": "2023-04-19",
      "fiscal_year": "FY23",
      "quintile": "sep-oct",
      "quintile_name": "Sep-Oct",
      "source_file": "2023.04.19 FY23 Ticket Sales Report.xlsx",
      "actual_revenue": 716320,
      "pct_budget": 104.4,
      "num_performances": 6,
      "budget": 686218,
      "total_seats": 0,
      "seats_sold": 9736,
      "capacity_pct": 0,
      "atp": 73.57,
      "programming": "Copland 3/Saint-Saens VC 3 (1); Strauss' Alpine Symphony (1); Symphonie Fantastique (1)"
    },
    {
      "date": "2023-05-01",
      "fiscal_year": "FY23",
      "quintile": "jan-feb",
      "quintile_name": "Jan-Feb",
      "source_file": "2023.05.01 FY23 Ticket Sales Report.xlsx",
      "actual_revenue": 519969,
      "pct_budget": 82.7,
      "num_performances": 7,
      "budget": 629000,
      "total_seats": 0,
      "seats_sold": 9105,
      "capacity_pct": 0,
      "atp": 57.11,
      "programming": "Fountains & Pines of Rome (1); Wagner's Dutchman/Sibelius (1); Ruth Reinhardt & Sibelius (1)"
    },
    {
      "date": "2023-05-01",
      "fiscal_year": "FY23",
      "quintile": "mar-apr",
      "quintile_name": "Mar-Apr",
      "source_file": "2023.05.01 FY23 Ticket Sales Report.xlsx",
      "actual_revenue": 730599,
      "pct_budget": 117.9,
      "num_performances": 8,
      "budget": 619500,
      "total_seats": 0,
      "seats_sold": 11576,
      "capacity_pct": 0,
      "atp": 63.11,
      "programming": "Ravel Rapsodie/Scriabin Poem (1); Holst's \"The Planets\" (1); Rhapsody in Blue/Nielsen (1); Holst/Haydn/Hindemith (1)"
    },
    {
      "date": "2023-05-01",
      "fiscal_year": "FY23",
      "quintile": "may-jun",
      "quintile_name": "May-Jun",
      "source_file": "2023.05.01 FY23 Ticket Sales Report.xlsx",
      "actual_revenue": 448294,
      "pct_budget": 70.2,
      "num_performances": 6,
      "budget": 639000,
      "total_seats": 0,
      "seats_sold": 6092,
      "capacity_pct": 0,
      "atp": 73.59,
      "programming": "Mahler & Montgomery (1); The Rite of Spring/Ax/BeetPC3 (1); Broberg/Rach/Puccini/Tchaik (1)"
    },
    {
      "date": "2023-05-01",
      "fiscal_year": "FY23",
      "quintile": "nov-dec",
      "quintile_name": "Nov-Dec",
      "source_file": "2023.05.01 FY23 Ticket Sales Report.xlsx",
      "actual_revenue": 1322075,
      "pct_budget": 121.4,
      "num_performances": 7,
      "budget": 1088900,
      "total_seats": 0,
      "seats_sold": 19641,
      "capacity_pct": 0,
      "atp": 67.31,
      "programming": "Dvorak 8/Prokofiev PC 2 (1)"
    },
    {
      "date": "2023-05-01",
      "fiscal_year": "FY23",
      "quintile": "sep-oct",
      "quintile_name": "Sep-Oct",
      "source_file": "2023.05.01 FY23 Ticket Sales Report.xlsx",
      "actual_revenue": 716320,
      "pct_budget": 104.4,
      "num_performances": 6,
      "budget": 686218,
      "total_seats": 0,
      "seats_sold": 9736,
      "capacity_pct": 0,
      "atp": 73.57,
      "programming": "Copland 3/Saint-Saens VC 3 (1); Strauss' Alpine Symphony (1); Symphonie Fantastique (1)"
    },
    {
      "date": "2023-05-16",
      "fiscal_year": "FY23",
      "quintile": "jan-feb",
      "quintile_name": "Jan-Feb",
      "source_file": "2023.05.16 FY23 Ticket Sales Report.xlsx",
      "actual_revenue": 519969,
      "pct_budget": 82.7,
      "num_performances": 7,
      "budget": 629000,
      "total_seats": 0,
      "seats_sold": 9105,
      "capacity_pct": 0,
      "atp": 57.11,
      "programming": "Fountains & Pines of Rome (1); Wagner's Dutchman/Sibelius (1); Ruth Reinhardt & Sibelius (1)"
    },
    {
      "date": "2023-05-16",
      "fiscal_year": "FY23",
      "quintile": "mar-apr",
      "quintile_name": "Mar-Apr",
      "source_file": "2023.05.16 FY23 Ticket Sales Report.xlsx",
      "actual_revenue": 730599,
      "pct_budget": 117.9,
      "num_performances": 8,
      "budget": 619500,
      "total_seats": 0,
      "seats_sold": 11576,
      "capacity_pct": 0,
      "atp": 63.11,
      "programming": "Ravel Rapsodie/Scriabin Poem (1); Holst's \"The Planets\" (1); Rhapsody in Blue/Nielsen (1); Holst/Haydn/Hindemith (1)"
    },
    {
      "date": "2023-05-16",
      "fiscal_year": "FY23",
      "quintile": "may-jun",
      "quintile_name": "May-Jun",
      "source_file": "2023.05.16 FY23 Ticket Sales Report.xlsx",
      "actual_revenue": 548856,
      "pct_budget": 85.9,
      "num_performances": 6,
      "budget": 639000,
      "total_seats": 0,
      "seats_sold": 7489,
      "capacity_pct": 0,
      "atp": 73.29,
      "programming": "Mahler & Montgomery (1); The Rite of Spring/Ax/BeetPC3 (1); Broberg/Rach/Puccini/Tchaik (1)"
    },
    {
      "date": "2023-05-16",
      "fiscal_year": "FY23",
      "quintile": "nov-dec",
      "quintile_name": "Nov-Dec",
      "source_file": "2023.05.16 FY23 Ticket Sales Report.xlsx",
      "actual_revenue": 1322075,
      "pct_budget": 121.4,
      "num_performances": 7,
      "budget": 1088900,
      "total_seats": 0,
      "seats_sold": 19641,
      "capacity_pct": 0,
      "atp": 67.31,
      "programming": "Dvorak 8/Prokofiev PC 2 (1)"
    },
    {
      "date": "2023-05-16",
      "fiscal_year": "FY23",
      "quintile": "sep-oct",
      "quintile_name": "Sep-Oct",
      "source_file": "2023.05.16 FY23 Ticket Sales Report.xlsx",
      "actual_revenue": 716320,
      "pct_budget": 104.4,
      "num_performances": 6,
      "budget": 686218,
      "total_seats": 0,
      "seats_sold": 9736,
      "capacity_pct": 0,
      "atp": 73.57,
      "programming": "Copland 3/Saint-Saens VC 3 (1); Strauss' Alpine Symphony (1); Symphonie Fantastique (1)"
    },
    {
      "date": "2023-05-30",
      "fiscal_year": "FY23",
      "quintile": "jan-feb",
      "quintile_name": "Jan-Feb",
      "source_file": "2023.05.30 FY23 Ticket Sales Report.xlsx",
      "actual_revenue": 519969,
      "pct_budget": 82.7,
      "num_performances": 7,
      "budget": 629000,
      "total_seats": 0,
      "seats_sold": 9105,
      "capacity_pct": 0,
      "atp": 57.11,
      "programming": "Fountains & Pines of Rome (1); Wagner's Dutchman/Sibelius (1); Ruth Reinhardt & Sibelius (1)"
    },
    {
      "date": "2023-05-30",
      "fiscal_year": "FY23",
      "quintile": "mar-apr",
      "quintile_name": "Mar-Apr",
      "source_file": "2023.05.30 FY23 Ticket Sales Report.xlsx",
      "actual_revenue": 730599,
      "pct_budget": 117.9,
      "num_performances": 8,
      "budget": 619500,
      "total_seats": 0,
      "seats_sold": 11576,
      "capacity_pct": 0,
      "atp": 63.11,
      "programming": "Ravel Rapsodie/Scriabin Poem (1); Holst's \"The Planets\" (1); Rhapsody in Blue/Nielsen (1); Holst/Haydn/Hindemith (1)"
    },
    {
      "date": "2023-05-30",
      "fiscal_year": "FY23",
      "quintile": "may-jun",
      "quintile_name": "May-Jun",
      "source_file": "2023.05.30 FY23 Ticket Sales Report.xlsx",
      "actual_revenue": 618343,
      "pct_budget": 96.8,
      "num_performances": 6,
      "budget": 639000,
      "total_seats": 0,
      "seats_sold": 8478,
      "capacity_pct": 0,
      "atp": 72.94,
      "programming": "Mahler & Montgomery (1); The Rite of Spring/Ax/BeetPC3 (1); Broberg/Rach/Puccini/Tchaik (1)"
    },
    {
      "date": "2023-05-30",
      "fiscal_year": "FY23",
      "quintile": "nov-dec",
      "quintile_name": "Nov-Dec",
      "source_file": "2023.05.30 FY23 Ticket Sales Report.xlsx",
      "actual_revenue": 1322075,
      "pct_budget": 121.4,
      "num_performances": 7,
      "budget": 1088900,
      "total_seats": 0,
      "seats_sold": 19641,
      "capacity_pct": 0,
      "atp": 67.31,
      "programming": "Dvorak 8/Prokofiev PC 2 (1)"
    },
    {
      "date": "2023-05-30",
      "fiscal_year": "FY23",
      "quintile": "sep-oct",
      "quintile_name": "Sep-Oct",
      "source_file": "2023.05.30 FY23 Ticket Sales Report.xlsx",
      "actual_revenue": 716320,
      "pct_budget": 104.4,
      "num_performances": 6,
      "budget": 686218,
      "total_seats": 0,
      "seats_sold": 9736,
      "capacity_pct": 0,
      "atp": 73.57,
      "programming": "Copland 3/Saint-Saens VC 3 (1); Strauss' Alpine Symphony (1); Symphonie Fantastique (1)"
    },
    {
      "date": "2023-06-16",
      "fiscal_year": "FY23",
      "quintile": "jan-feb",
      "quintile_name": "Jan-Feb",
      "source_file": "2023.06.16 FY23 Ticket Sales Report.xlsx",
      "actual_revenue": 519969,
      "pct_budget": 82.7,
      "num_performances": 7,
      "budget": 629000,
      "total_seats": 0,
      "seats_sold": 9105,
      "capacity_pct": 0,
      "atp": 57.11,
      "programming": "Fountains & Pines of Rome (1); Wagner's Dutchman/Sibelius (1); Ruth Reinhardt & Sibelius (1)"
    },
    {
      "date": "2023-06-16",
      "fiscal_year": "FY23",
      "quintile": "mar-apr",
      "quintile_name": "Mar-Apr",
      "source_file": "2023.06.16 FY23 Ticket Sales Report.xlsx",
      "actual_revenue": 730599,
      "pct_budget": 117.9,
      "num_performances": 8,
      "budget": 619500,
      "total_seats": 0,
      "seats_sold": 11576,
      "capacity_pct": 0,
      "atp": 63.11,
      "programming": "Ravel Rapsodie/Scriabin Poem (1); Holst's \"The Planets\" (1); Rhapsody in Blue/Nielsen (1); Holst/Haydn/Hindemith (1)"
    },
    {
      "date": "2023-06-16",
      "fiscal_year": "FY23",
      "quintile": "may-jun",
      "quintile_name": "May-Jun",
      "source_file": "2023.06.16 FY23 Ticket Sales Report.xlsx",
      "actual_revenue": 673492,
      "pct_budget": 105.4,
      "num_performances": 6,
      "budget": 639000,
      "total_seats": 0,
      "seats_sold": 9541,
      "capacity_pct": 0,
      "atp": 70.59,
      "programming": "Mahler & Montgomery (1); The Rite of Spring/Ax/BeetPC3 (1); Broberg/Rach/Puccini/Tchaik (1)"
    },
    {
      "date": "2023-06-16",
      "fiscal_year": "FY23",
      "quintile": "nov-dec",
      "quintile_name": "Nov-Dec",
      "source_file": "2023.06.16 FY23 Ticket Sales Report.xlsx",
      "actual_revenue": 1322075,
      "pct_budget": 121.4,
      "num_performances": 7,
      "budget": 1088900,
      "total_seats": 0,
      "seats_sold": 19641,
      "capacity_pct": 0,
      "atp": 67.31,
      "programming": "Dvorak 8/Prokofiev PC 2 (1)"
    },
    {
      "date": "2023-06-16",
      "fiscal_year": "FY23",
      "quintile": "sep-oct",
      "quintile_name": "Sep-Oct",
      "source_file": "2023.06.16 FY23 Ticket Sales Report.xlsx",
      "actual_revenue": 716320,
      "pct_budget": 104.4,
      "num_performances": 6,
      "budget": 686218,
      "total_seats": 0,
      "seats_sold": 9736,
      "capacity_pct": 0,
      "atp": 73.57,
      "programming": "Copland 3/Saint-Saens VC 3 (1); Strauss' Alpine Symphony (1); Symphonie Fantastique (1)"
    },
    {
      "date": "2023-06-21",
      "fiscal_year": "FY23",
      "quintile": "jan-feb",
      "quintile_name": "Jan-Feb",
      "source_file": "2023.06.21 FY23 Ticket Sales Report.xlsx",
      "actual_revenue": 519969,
      "pct_budget": 82.7,
      "num_performances": 7,
      "budget": 629000,
      "total_seats": 0,
      "seats_sold": 9105,
      "capacity_pct": 0,
      "atp": 57.11,
      "programming": "Fountains & Pines of Rome (1); Wagner's Dutchman/Sibelius (1); Ruth Reinhardt & Sibelius (1)"
    },
    {
      "date": "2023-06-21",
      "fiscal_year": "FY23",
      "quintile": "mar-apr",
      "quintile_name": "Mar-Apr",
      "source_file": "2023.06.21 FY23 Ticket Sales Report.xlsx",
      "actual_revenue": 730599,
      "pct_budget": 117.9,
      "num_performances": 8,
      "budget": 619500,
      "total_seats": 0,
      "seats_sold": 11576,
      "capacity_pct": 0,
      "atp": 63.11,
      "programming": "Ravel Rapsodie/Scriabin Poem (1); Holst's \"The Planets\" (1); Rhapsody in Blue/Nielsen (1); Holst/Haydn/Hindemith (1)"
    },
    {
      "date": "2023-06-21",
      "fiscal_year": "FY23",
      "quintile": "may-jun",
      "quintile_name": "May-Jun",
      "source_file": "2023.06.21 FY23 Ticket Sales Report.xlsx",
      "actual_revenue": 689757,
      "pct_budget": 107.9,
      "num_performances": 6,
      "budget": 639000,
      "total_seats": 0,
      "seats_sold": 9933,
      "capacity_pct": 0,
      "atp": 69.44,
      "programming": "Mahler & Montgomery (1); The Rite of Spring/Ax/BeetPC3 (1); Broberg/Rach/Puccini/Tchaik (1)"
    },
    {
      "date": "2023-06-21",
      "fiscal_year": "FY23",
      "quintile": "nov-dec",
      "quintile_name": "Nov-Dec",
      "source_file": "2023.06.21 FY23 Ticket Sales Report.xlsx",
      "actual_revenue": 1322075,
      "pct_budget": 121.4,
      "num_performances": 7,
      "budget": 1088900,
      "total_seats": 0,
      "seats_sold": 19641,
      "capacity_pct": 0,
      "atp": 67.31,
      "programming": "Dvorak 8/Prokofiev PC 2 (1)"
    },
    {
      "date": "2023-06-21",
      "fiscal_year": "FY23",
      "quintile": "sep-oct",
      "quintile_name": "Sep-Oct",
      "source_file": "2023.06.21 FY23 Ticket Sales Report.xlsx",
      "actual_revenue": 716320,
      "pct_budget": 104.4,
      "num_performances": 6,
      "budget": 686218,
      "total_seats": 0,
      "seats_sold": 9736,
      "capacity_pct": 0,
      "atp": 73.57,
      "programming": "Copland 3/Saint-Saens VC 3 (1); Strauss' Alpine Symphony (1); Symphonie Fantastique (1)"
    },
    {
      "date": "2023-06-30",
      "fiscal_year": "FY23",
      "quintile": "jan-feb",
      "quintile_name": "Jan-Feb",
      "source_file": "2023.06.30 FY23 Ticket Sales Report.xlsx",
      "actual_revenue": 519969,
      "pct_budget": 82.7,
      "num_performances": 7,
      "budget": 629000,
      "total_seats": 0,
      "seats_sold": 9105,
      "capacity_pct": 0,
      "atp": 57.11,
      "programming": "Fountains & Pines of Rome (1); Wagner's Dutchman/Sibelius (1); Ruth Reinhardt & Sibelius (1)"
    },
    {
      "date": "2023-06-30",
      "fiscal_year": "FY23",
      "quintile": "mar-apr",
      "quintile_name": "Mar-Apr",
      "source_file": "2023.06.30 FY23 Ticket Sales Report.xlsx",
      "actual_revenue": 730106,
      "pct_budget": 117.9,
      "num_performances": 8,
      "budget": 619500,
      "total_seats": 0,
      "seats_sold": 11565,
      "capacity_pct": 0,
      "atp": 63.13,
      "programming": "Ravel Rapsodie/Scriabin Poem (1); Holst's \"The Planets\" (1); Rhapsody in Blue/Nielsen (1); Holst/Haydn/Hindemith (1)"
    },
    {
      "date": "2023-06-30",
      "fiscal_year": "FY23",
      "quintile": "may-jun",
      "quintile_name": "May-Jun",
      "source_file": "2023.06.30 FY23 Ticket Sales Report.xlsx",
      "actual_revenue": 714659,
      "pct_budget": 111.8,
      "num_performances": 6,
      "budget": 639000,
      "total_seats": 0,
      "seats_sold": 10494,
      "capacity_pct": 0,
      "atp": 68.1,
      "programming": "Mahler & Montgomery (1); The Rite of Spring/Ax/BeetPC3 (1); Broberg/Rach/Puccini/Tchaik (1)"
    },
    {
      "date": "2023-06-30",
      "fiscal_year": "FY23",
      "quintile": "nov-dec",
      "quintile_name": "Nov-Dec",
      "source_file": "2023.06.30 FY23 Ticket Sales Report.xlsx",
      "actual_revenue": 1321236,
      "pct_budget": 121.3,
      "num_performances": 7,
      "budget": 1088900,
      "total_seats": 0,
      "seats_sold": 19630,
      "capacity_pct": 0,
      "atp": 67.31,
      "programming": "Dvorak 8/Prokofiev PC 2 (1)"
    },
    {
      "date": "2023-06-30",
      "fiscal_year": "FY23",
      "quintile": "sep-oct",
      "quintile_name": "Sep-Oct",
      "source_file": "2023.06.30 FY23 Ticket Sales Report.xlsx",
      "actual_revenue": 716230,
      "pct_budget": 104.4,
      "num_performances": 6,
      "budget": 686218,
      "total_seats": 0,
      "seats_sold": 9734,
      "capacity_pct": 0,
      "atp": 73.58,
      "programming": "Copland 3/Saint-Saens VC 3 (1); Strauss' Alpine Symphony (1); Symphonie Fantastique (1)"
    },
    {
      "date": "2023-08-03",
      "fiscal_year": "FY24",
      "quintile": "jan-feb",
      "quintile_name": "Jan-Feb",
      "source_file": "2023.08.03 FY24 Sales Report.xlsx",
      "actual_revenue": 55442,
      "pct_budget": 8.9,
      "num_performances": 7,
      "budget": 626000,
      "total_seats": 0,
      "seats_sold": 0,
      "capacity_pct": 0,
      "atp": 0,
      "programming": "Joyce DiDonato (1); Mozart VC No. 5 (1); Pamela Frank/Beethoven VC (1)"
    },
    {
      "date": "2023-08-03",
      "fiscal_year": "FY24",
      "quintile": "mar-apr",
      "quintile_name": "Mar-Apr",
      "source_file": "2023.08.03 FY24 Sales Report.xlsx",
      "actual_revenue": 79579,
      "pct_budget": 10.8,
      "num_performances": 8,
      "budget": 736000,
      "total_seats": 0,
      "seats_sold": 0,
      "capacity_pct": 0,
      "atp": 0,
      "programming": "Joyce Yang/Tchaikovsky PC 1 (1); Matthias Pintscher/Quint (1); Bolero/Xavier Foley (1); Kahane/Beethoven PC4 (1)"
    },
    {
      "date": "2023-08-03",
      "fiscal_year": "FY24",
      "quintile": "may-jun",
      "quintile_name": "May-Jun",
      "source_file": "2023.08.03 FY24 Sales Report.xlsx",
      "actual_revenue": 20292,
      "pct_budget": 3.2,
      "num_performances": 5,
      "budget": 635000,
      "total_seats": 0,
      "seats_sold": 0,
      "capacity_pct": 0,
      "atp": 0,
      "programming": "Joshua Bell (1); Mahler's Resurrection (1); Mendelssohn/Barber/Sibelius (1)"
    },
    {
      "date": "2023-08-03",
      "fiscal_year": "FY24",
      "quintile": "nov-dec",
      "quintile_name": "Nov-Dec",
      "source_file": "2023.08.03 FY24 Sales Report.xlsx",
      "actual_revenue": 187638,
      "pct_budget": 17.5,
      "num_performances": 7,
      "budget": 1071000,
      "total_seats": 0,
      "seats_sold": 0,
      "capacity_pct": 0,
      "atp": 0,
      "programming": "Music Illuminates the Soul (1); You Belong (1)"
    },
    {
      "date": "2023-08-03",
      "fiscal_year": "FY24",
      "quintile": "sep-oct",
      "quintile_name": "Sep-Oct",
      "source_file": "2023.08.03 FY24 Sales Report.xlsx",
      "actual_revenue": 380009,
      "pct_budget": 36.5,
      "num_performances": 8,
      "budget": 1040000,
      "total_seats": 0,
      "seats_sold": 0,
      "capacity_pct": 0,
      "atp": 0,
      "programming": "The Music is Calling (1); Explore Your Imagination (1)"
    },
    {
      "date": "2023-08-28",
      "fiscal_year": "FY24",
      "quintile": "jan-feb",
      "quintile_name": "Jan-Feb",
      "source_file": "2023.08.28 FY24 Sales Report.xlsx",
      "actual_revenue": 71711,
      "pct_budget": 11.5,
      "num_performances": 7,
      "budget": 626000,
      "total_seats": 0,
      "seats_sold": 0,
      "capacity_pct": 0,
      "atp": 0,
      "programming": "Joyce DiDonato (1); Mozart VC No. 5 (1); Pamela Frank/Beethoven VC (1)"
    },
    {
      "date": "2023-08-28",
      "fiscal_year": "FY24",
      "quintile": "mar-apr",
      "quintile_name": "Mar-Apr",
      "source_file": "2023.08.28 FY24 Sales Report.xlsx",
      "actual_revenue": 101507,
      "pct_budget": 13.8,
      "num_performances": 8,
      "budget": 736000,
      "total_seats": 0,
      "seats_sold": 0,
      "capacity_pct": 0,
      "atp": 0,
      "programming": "Joyce Yang/Tchaikovsky PC 1 (1); Matthias Pintscher/Quint (1); Bolero/Xavier Foley (1); Kahane/Beethoven PC4 (1)"
    },
    {
      "date": "2023-08-28",
      "fiscal_year": "FY24",
      "quintile": "may-jun",
      "quintile_name": "May-Jun",
      "source_file": "2023.08.28 FY24 Sales Report.xlsx",
      "actual_revenue": 29051,
      "pct_budget": 4.6,
      "num_performances": 5,
      "budget": 635000,
      "total_seats": 0,
      "seats_sold": 0,
      "capacity_pct": 0,
      "atp": 0,
      "programming": "Joshua Bell (1); Mahler's Resurrection (1); Mendelssohn/Barber/Sibelius (1)"
    },
    {
      "date": "2023-08-28",
      "fiscal_year": "FY24",
      "quintile": "nov-dec",
      "quintile_name": "Nov-Dec",
      "source_file": "2023.08.28 FY24 Sales Report.xlsx",
      "actual_revenue": 270012,
      "pct_budget": 25.2,
      "num_performances": 7,
      "budget": 1071000,
      "total_seats": 0,
      "seats_sold": 0,
      "capacity_pct": 0,
      "atp": 0,
      "programming": "Music Illuminates the Soul (1); You Belong (1)"
    },
    {
      "date": "2023-08-28",
      "fiscal_year": "FY24",
      "quintile": "sep-oct",
      "quintile_name": "Sep-Oct",
      "source_file": "2023.08.28 FY24 Sales Report.xlsx",
      "actual_revenue": 673922,
      "pct_budget": 64.8,
      "num_performances": 8,
      "budget": 1040000,
      "total_seats": 0,
      "seats_sold": 0,
      "capacity_pct": 0,
      "atp": 0,
      "programming": "The Music is Calling (1); Explore Your Imagination (1)"
    },
    {
      "date": "2023-09-18",
      "fiscal_year": "FY24",
      "quintile": "jan-feb",
      "quintile_name": "Jan-Feb",
      "source_file": "2023.09.18 Sales Report.xlsx",
      "actual_revenue": 100505,
      "pct_budget": 16.1,
      "num_performances": 7,
      "budget": 626000,
      "total_seats": 3,
      "seats_sold": 642901,
      "capacity_pct": 21949729.1,
      "atp": 0.16,
      "programming": "Joyce DiDonato (1); Mozart VC No. 5 (1); Pamela Frank/Beethoven VC (1)"
    },
    {
      "date": "2023-09-18",
      "fiscal_year": "FY24",
      "quintile": "mar-apr",
      "quintile_name": "Mar-Apr",
      "source_file": "2023.09.18 Sales Report.xlsx",
      "actual_revenue": 172956,
      "pct_budget": 23.5,
      "num_performances": 8,
      "budget": 736000,
      "total_seats": 3,
      "seats_sold": 512118,
      "capacity_pct": 19057320,
      "atp": 0.34,
      "programming": "Joyce Yang/Tchaikovsky PC 1 (1); Matthias Pintscher/Quint (1); Bolero/Xavier Foley (1); Kahane/Beethoven PC4 (1)"
    },
    {
      "date": "2023-09-18",
      "fiscal_year": "FY24",
      "quintile": "may-jun",
      "quintile_name": "May-Jun",
      "source_file": "2023.09.18 Sales Report.xlsx",
      "actual_revenue": 38172,
      "pct_budget": 6,
      "num_performances": 5,
      "budget": 635000,
      "total_seats": 2,
      "seats_sold": 503651,
      "capacity_pct": 26897251.1,
      "atp": 0.08,
      "programming": "Joshua Bell (1); Mahler's Resurrection (1); Mendelssohn/Barber/Sibelius (1)"
    },
    {
      "date": "2023-09-18",
      "fiscal_year": "FY24",
      "quintile": "nov-dec",
      "quintile_name": "Nov-Dec",
      "source_file": "2023.09.18 Sales Report.xlsx",
      "actual_revenue": 410681,
      "pct_budget": 35.1,
      "num_performances": 7,
      "budget": 1169000,
      "total_seats": 3,
      "seats_sold": 272934,
      "capacity_pct": 9412148,
      "atp": 1.5,
      "programming": "Music Illuminates the Soul (1); Through the Lens (1)"
    },
    {
      "date": "2023-09-18",
      "fiscal_year": "FY24",
      "quintile": "sep-oct",
      "quintile_name": "Sep-Oct",
      "source_file": "2023.09.18 Sales Report.xlsx",
      "actual_revenue": 868464,
      "pct_budget": 83.5,
      "num_performances": 8,
      "budget": 1040000,
      "total_seats": 5,
      "seats_sold": 506396,
      "capacity_pct": 9307153.3,
      "atp": 1.71,
      "programming": "The Music is Calling (1); Explore Your Imagination (1)"
    },
    {
      "date": "2023-10-09",
      "fiscal_year": "FY24",
      "quintile": "jan-feb",
      "quintile_name": "Jan-Feb",
      "source_file": "2023.10.09 Sales Report.xlsx",
      "actual_revenue": 123163,
      "pct_budget": 19.7,
      "num_performances": 7,
      "budget": 626000,
      "total_seats": 3,
      "seats_sold": 642901,
      "capacity_pct": 20929376.8,
      "atp": 0.19,
      "programming": "Joyce DiDonato (1); Mozart VC No. 5 (1); Pamela Frank/Beethoven VC (1)"
    },
    {
      "date": "2023-10-09",
      "fiscal_year": "FY24",
      "quintile": "mar-apr",
      "quintile_name": "Mar-Apr",
      "source_file": "2023.10.09 Sales Report.xlsx",
      "actual_revenue": 203265,
      "pct_budget": 27.6,
      "num_performances": 8,
      "budget": 736000,
      "total_seats": 3,
      "seats_sold": 512118,
      "capacity_pct": 18236643.6,
      "atp": 0.4,
      "programming": "Joyce Yang/Tchaikovsky PC 1 (1); Matthias Pintscher/Quint (1); Bolero/Xavier Foley (1); Kahane/Beethoven PC4 (1)"
    },
    {
      "date": "2023-10-09",
      "fiscal_year": "FY24",
      "quintile": "may-jun",
      "quintile_name": "May-Jun",
      "source_file": "2023.10.09 Sales Report.xlsx",
      "actual_revenue": 43557,
      "pct_budget": 6.9,
      "num_performances": 5,
      "budget": 635000,
      "total_seats": 2,
      "seats_sold": 503651,
      "capacity_pct": 26552249.8,
      "atp": 0.09,
      "programming": "Joshua Bell (1); Mahler's Resurrection (1); Mendelssohn/Barber/Sibelius (1)"
    },
    {
      "date": "2023-10-09",
      "fiscal_year": "FY24",
      "quintile": "nov-dec",
      "quintile_name": "Nov-Dec",
      "source_file": "2023.10.09 Sales Report.xlsx",
      "actual_revenue": 521585,
      "pct_budget": 44.6,
      "num_performances": 7,
      "budget": 1169000,
      "total_seats": 3,
      "seats_sold": 272934,
      "capacity_pct": 8260889.2,
      "atp": 1.91,
      "programming": "Music Illuminates the Soul (1); Through the Lens (1)"
    },
    {
      "date": "2023-10-09",
      "fiscal_year": "FY24",
      "quintile": "sep-oct",
      "quintile_name": "Sep-Oct",
      "source_file": "2023.10.09 Sales Report.xlsx",
      "actual_revenue": 966359,
      "pct_budget": 92.9,
      "num_performances": 8,
      "budget": 1040000,
      "total_seats": 6,
      "seats_sold": 506396,
      "capacity_pct": 8274090,
      "atp": 1.91,
      "programming": "The Music is Calling (1); Explore Your Imagination (1)"
    },
    {
      "date": "2023-10-16",
      "fiscal_year": "FY24",
      "quintile": "jan-feb",
      "quintile_name": "Jan-Feb",
      "source_file": "2023.10.16 Sales Report.xlsx",
      "actual_revenue": 129803,
      "pct_budget": 20.7,
      "num_performances": 7,
      "budget": 626000,
      "total_seats": 3,
      "seats_sold": 642901,
      "capacity_pct": 20665705.5,
      "atp": 0.2,
      "programming": "Joyce DiDonato (1); Mozart VC No. 5 (1); Pamela Frank/Beethoven VC (1)"
    },
    {
      "date": "2023-10-16",
      "fiscal_year": "FY24",
      "quintile": "mar-apr",
      "quintile_name": "Mar-Apr",
      "source_file": "2023.10.16 Sales Report.xlsx",
      "actual_revenue": 212980,
      "pct_budget": 28.9,
      "num_performances": 8,
      "budget": 736000,
      "total_seats": 3,
      "seats_sold": 512118,
      "capacity_pct": 17996602.4,
      "atp": 0.42,
      "programming": "Joyce Yang/Tchaikovsky PC 1 (1); Matthias Pintscher/Quint (1); Bolero/Xavier Foley (1); Kahane/Beethoven PC4 (1)"
    },
    {
      "date": "2023-10-16",
      "fiscal_year": "FY24",
      "quintile": "may-jun",
      "quintile_name": "May-Jun",
      "source_file": "2023.10.16 Sales Report.xlsx",
      "actual_revenue": 45043,
      "pct_budget": 7.1,
      "num_performances": 5,
      "budget": 635000,
      "total_seats": 2,
      "seats_sold": 503651,
      "capacity_pct": 26449534,
      "atp": 0.09,
      "programming": "Joshua Bell (1); Mahler's Resurrection (1); Mendelssohn/Barber/Sibelius (1)"
    },
    {
      "date": "2023-10-16",
      "fiscal_year": "FY24",
      "quintile": "nov-dec",
      "quintile_name": "Nov-Dec",
      "source_file": "2023.10.16 Sales Report.xlsx",
      "actual_revenue": 555727,
      "pct_budget": 47.5,
      "num_performances": 7,
      "budget": 1169000,
      "total_seats": 3,
      "seats_sold": 272934,
      "capacity_pct": 7930865.1,
      "atp": 2.04,
      "programming": "Music Illuminates the Soul (1); Through the Lens (1)"
    },
    {
      "date": "2023-10-16",
      "fiscal_year": "FY24",
      "quintile": "sep-oct",
      "quintile_name": "Sep-Oct",
      "source_file": "2023.10.16 Sales Report.xlsx",
      "actual_revenue": 1004230,
      "pct_budget": 96.6,
      "num_performances": 8,
      "budget": 1040000,
      "total_seats": 6,
      "seats_sold": 506396,
      "capacity_pct": 7993091.6,
      "atp": 1.98,
      "programming": "The Music is Calling (1); Explore Your Imagination (1)"
    },
    {
      "date": "2023-10-23",
      "fiscal_year": "FY24",
      "quintile": "jan-feb",
      "quintile_name": "Jan-Feb",
      "source_file": "2023.10.23 Sales Report.xlsx",
      "actual_revenue": 137332,
      "pct_budget": 21.9,
      "num_performances": 7,
      "budget": 626000,
      "total_seats": 3,
      "seats_sold": 642901,
      "capacity_pct": 20324124.3,
      "atp": 0.21,
      "programming": "Joyce DiDonato (1); Mozart VC No. 5 (1); Pamela Frank/Beethoven VC (1)"
    },
    {
      "date": "2023-10-23",
      "fiscal_year": "FY24",
      "quintile": "mar-apr",
      "quintile_name": "Mar-Apr",
      "source_file": "2023.10.23 Sales Report.xlsx",
      "actual_revenue": 222580,
      "pct_budget": 30.2,
      "num_performances": 8,
      "budget": 736000,
      "total_seats": 3,
      "seats_sold": 512118,
      "capacity_pct": 17733650.6,
      "atp": 0.43,
      "programming": "Joyce Yang/Tchaikovsky PC 1 (1); Matthias Pintscher/Quint (1); Bolero/Xavier Foley (1); Kahane/Beethoven PC4 (1)"
    },
    {
      "date": "2023-10-23",
      "fiscal_year": "FY24",
      "quintile": "may-jun",
      "quintile_name": "May-Jun",
      "source_file": "2023.10.23 Sales Report.xlsx",
      "actual_revenue": 46911,
      "pct_budget": 7.4,
      "num_performances": 5,
      "budget": 635000,
      "total_seats": 2,
      "seats_sold": 503651,
      "capacity_pct": 26290693.3,
      "atp": 0.09,
      "programming": "Joshua Bell (1); Mahler's Resurrection (1); Mendelssohn/Barber/Sibelius (1)"
    },
    {
      "date": "2023-10-23",
      "fiscal_year": "FY24",
      "quintile": "nov-dec",
      "quintile_name": "Nov-Dec",
      "source_file": "2023.10.23 Sales Report.xlsx",
      "actual_revenue": 617994,
      "pct_budget": 52.9,
      "num_performances": 7,
      "budget": 1169000,
      "total_seats": 4,
      "seats_sold": 272934,
      "capacity_pct": 7390087.8,
      "atp": 2.26,
      "programming": "Music Illuminates the Soul (1); Through the Lens (1)"
    },
    {
      "date": "2023-10-23",
      "fiscal_year": "FY24",
      "quintile": "sep-oct",
      "quintile_name": "Sep-Oct",
      "source_file": "2023.10.23 Sales Report.xlsx",
      "actual_revenue": 1013770,
      "pct_budget": 97.5,
      "num_performances": 8,
      "budget": 1040000,
      "total_seats": 6,
      "seats_sold": 506396,
      "capacity_pct": 7828448.7,
      "atp": 2,
      "programming": "The Music is Calling (1); Explore Your Imagination (1)"
    },
    {
      "date": "2023-10-30",
      "fiscal_year": "FY24",
      "quintile": "jan-feb",
      "quintile_name": "Jan-Feb",
      "source_file": "2023.10.30 Sales Report.xlsx",
      "actual_revenue": 142426,
      "pct_budget": 22.8,
      "num_performances": 7,
      "budget": 626000,
      "total_seats": 3,
      "seats_sold": 642901,
      "capacity_pct": 20143184.9,
      "atp": 0.22,
      "programming": "Joyce DiDonato (1); Mozart VC No. 5 (1); Pamela Frank/Beethoven VC (1)"
    },
    {
      "date": "2023-10-30",
      "fiscal_year": "FY24",
      "quintile": "mar-apr",
      "quintile_name": "Mar-Apr",
      "source_file": "2023.10.30 Sales Report.xlsx",
      "actual_revenue": 230297,
      "pct_budget": 31.3,
      "num_performances": 8,
      "budget": 736000,
      "total_seats": 3,
      "seats_sold": 512118,
      "capacity_pct": 17613435,
      "atp": 0.45,
      "programming": "Joyce Yang/Tchaikovsky PC 1 (1); Matthias Pintscher/Quint (1); Bolero/Xavier Foley (1); Kahane/Beethoven PC4 (1)"
    },
    {
      "date": "2023-10-30",
      "fiscal_year": "FY24",
      "quintile": "may-jun",
      "quintile_name": "May-Jun",
      "source_file": "2023.10.30 Sales Report.xlsx",
      "actual_revenue": 49224,
      "pct_budget": 7.8,
      "num_performances": 5,
      "budget": 635000,
      "total_seats": 2,
      "seats_sold": 503651,
      "capacity_pct": 26192528.7,
      "atp": 0.1,
      "programming": "Joshua Bell (1); Mahler's Resurrection (1); Mendelssohn/Barber/Sibelius (1)"
    },
    {
      "date": "2023-10-30",
      "fiscal_year": "FY24",
      "quintile": "nov-dec",
      "quintile_name": "Nov-Dec",
      "source_file": "2023.10.30 Sales Report.xlsx",
      "actual_revenue": 699995,
      "pct_budget": 59.9,
      "num_performances": 7,
      "budget": 1169000,
      "total_seats": 4,
      "seats_sold": 272934,
      "capacity_pct": 6872347.2,
      "atp": 2.56,
      "programming": "Music Illuminates the Soul (1); Through the Lens (1)"
    },
    {
      "date": "2023-10-30",
      "fiscal_year": "FY24",
      "quintile": "sep-oct",
      "quintile_name": "Sep-Oct",
      "source_file": "2023.10.30 Sales Report.xlsx",
      "actual_revenue": 1027871,
      "pct_budget": 98.8,
      "num_performances": 8,
      "budget": 1040000,
      "total_seats": 7,
      "seats_sold": 506396,
      "capacity_pct": 7692346.6,
      "atp": 2.03,
      "programming": "The Music is Calling (1); Explore Your Imagination (1)"
    },
    {
      "date": "2023-11-06",
      "fiscal_year": "FY24",
      "quintile": "jan-feb",
      "quintile_name": "Jan-Feb",
      "source_file": "2023.11.06 Sales Report.xlsx",
      "actual_revenue": 152940,
      "pct_budget": 24.4,
      "num_performances": 7,
      "budget": 626000,
      "total_seats": 28785,
      "seats_sold": 2306,
      "capacity_pct": 8,
      "atp": 66.32,
      "programming": "Joyce DiDonato (1); Mozart VC No. 5 (1); Pamela Frank/Beethoven VC (1)"
    },
    {
      "date": "2023-11-06",
      "fiscal_year": "FY24",
      "quintile": "mar-apr",
      "quintile_name": "Mar-Apr",
      "source_file": "2023.11.06 Sales Report.xlsx",
      "actual_revenue": 239121,
      "pct_budget": 32.5,
      "num_performances": 8,
      "budget": 736000,
      "total_seats": 28809,
      "seats_sold": 3073,
      "capacity_pct": 10.7,
      "atp": 77.81,
      "programming": "Joyce Yang/Tchaikovsky PC 1 (1); Matthias Pintscher/Quint (1); Bolero/Xavier Foley (1); Kahane/Beethoven PC4 (1)"
    },
    {
      "date": "2023-11-06",
      "fiscal_year": "FY24",
      "quintile": "may-jun",
      "quintile_name": "May-Jun",
      "source_file": "2023.11.06 Sales Report.xlsx",
      "actual_revenue": 52535,
      "pct_budget": 8.3,
      "num_performances": 5,
      "budget": 635000,
      "total_seats": 19986,
      "seats_sold": 846,
      "capacity_pct": 4.2,
      "atp": 62.1,
      "programming": "Joshua Bell (1); Mahler's Resurrection (1); Mendelssohn/Barber/Sibelius (1)"
    },
    {
      "date": "2023-11-06",
      "fiscal_year": "FY24",
      "quintile": "nov-dec",
      "quintile_name": "Nov-Dec",
      "source_file": "2023.11.06 Sales Report.xlsx",
      "actual_revenue": 783251,
      "pct_budget": 67,
      "num_performances": 7,
      "budget": 1169000,
      "total_seats": 31116,
      "seats_sold": 12536,
      "capacity_pct": 40.3,
      "atp": 62.48,
      "programming": "Music Illuminates the Soul (1); Through the Lens (1)"
    },
    {
      "date": "2023-11-06",
      "fiscal_year": "FY24",
      "quintile": "sep-oct",
      "quintile_name": "Sep-Oct",
      "source_file": "2023.11.06 Sales Report.xlsx",
      "actual_revenue": 1027871,
      "pct_budget": 98.8,
      "num_performances": 8,
      "budget": 1040000,
      "total_seats": 28506,
      "seats_sold": 14507,
      "capacity_pct": 50.9,
      "atp": 70.85,
      "programming": "The Music is Calling (1); Explore Your Imagination (1)"
    },
    {
      "date": "2023-11-13",
      "fiscal_year": "FY24",
      "quintile": "jan-feb",
      "quintile_name": "Jan-Feb",
      "source_file": "2023.11.13 Sales Report.xlsx",
      "actual_revenue": 161519,
      "pct_budget": 25.8,
      "num_performances": 7,
      "budget": 626000,
      "total_seats": 28785,
      "seats_sold": 2426,
      "capacity_pct": 8.4,
      "atp": 66.58,
      "programming": "Joyce DiDonato (1); Mozart VC No. 5 (1); Pamela Frank/Beethoven VC (1)"
    },
    {
      "date": "2023-11-13",
      "fiscal_year": "FY24",
      "quintile": "mar-apr",
      "quintile_name": "Mar-Apr",
      "source_file": "2023.11.13 Sales Report.xlsx",
      "actual_revenue": 245263,
      "pct_budget": 33.3,
      "num_performances": 8,
      "budget": 736000,
      "total_seats": 28809,
      "seats_sold": 3137,
      "capacity_pct": 10.9,
      "atp": 78.18,
      "programming": "Joyce Yang/Tchaikovsky PC 1 (1); Matthias Pintscher/Quint (1); Bolero/Xavier Foley (1); Kahane/Beethoven PC4 (1)"
    },
    {
      "date": "2023-11-13",
      "fiscal_year": "FY24",
      "quintile": "may-jun",
      "quintile_name": "May-Jun",
      "source_file": "2023.11.13 Sales Report.xlsx",
      "actual_revenue": 53280,
      "pct_budget": 8.4,
      "num_performances": 5,
      "budget": 635000,
      "total_seats": 19986,
      "seats_sold": 859,
      "capacity_pct": 4.3,
      "atp": 62.03,
      "programming": "Joshua Bell (1); Mahler's Resurrection (1); Mendelssohn/Barber/Sibelius (1)"
    },
    {
      "date": "2023-11-13",
      "fiscal_year": "FY24",
      "quintile": "nov-dec",
      "quintile_name": "Nov-Dec",
      "source_file": "2023.11.13 Sales Report.xlsx",
      "actual_revenue": 891727,
      "pct_budget": 76.3,
      "num_performances": 7,
      "budget": 1169000,
      "total_seats": 31116,
      "seats_sold": 14325,
      "capacity_pct": 46,
      "atp": 62.25,
      "programming": "Music Illuminates the Soul (1); Through the Lens (1)"
    },
    {
      "date": "2023-11-13",
      "fiscal_year": "FY24",
      "quintile": "sep-oct",
      "quintile_name": "Sep-Oct",
      "source_file": "2023.11.13 Sales Report.xlsx",
      "actual_revenue": 1027871,
      "pct_budget": 98.8,
      "num_performances": 8,
      "budget": 1040000,
      "total_seats": 28506,
      "seats_sold": 14507,
      "capacity_pct": 50.9,
      "atp": 70.85,
      "programming": "The Music is Calling (1); Explore Your Imagination (1)"
    },
    {
      "date": "2023-11-20",
      "fiscal_year": "FY24",
      "quintile": "jan-feb",
      "quintile_name": "Jan-Feb",
      "source_file": "2023.11.20 Sales Report.xlsx",
      "actual_revenue": 173340,
      "pct_budget": 27.7,
      "num_performances": 7,
      "budget": 626000,
      "total_seats": 28785,
      "seats_sold": 2588,
      "capacity_pct": 9,
      "atp": 66.98,
      "programming": "Joyce DiDonato (1); Mozart VC No. 5 (1); Pamela Frank/Beethoven VC (1)"
    },
    {
      "date": "2023-11-20",
      "fiscal_year": "FY24",
      "quintile": "mar-apr",
      "quintile_name": "Mar-Apr",
      "source_file": "2023.11.20 Sales Report.xlsx",
      "actual_revenue": 256625,
      "pct_budget": 34.9,
      "num_performances": 8,
      "budget": 736000,
      "total_seats": 28809,
      "seats_sold": 3277,
      "capacity_pct": 11.4,
      "atp": 78.31,
      "programming": "Joyce Yang/Tchaikovsky PC 1 (1); Matthias Pintscher/Quint (1); Bolero/Xavier Foley (1); Kahane/Beethoven PC4 (1)"
    },
    {
      "date": "2023-11-20",
      "fiscal_year": "FY24",
      "quintile": "may-jun",
      "quintile_name": "May-Jun",
      "source_file": "2023.11.20 Sales Report.xlsx",
      "actual_revenue": 60996,
      "pct_budget": 9.6,
      "num_performances": 5,
      "budget": 635000,
      "total_seats": 19986,
      "seats_sold": 904,
      "capacity_pct": 4.5,
      "atp": 67.47,
      "programming": "Joshua Bell (1); Mahler's Resurrection (1); Mendelssohn/Barber/Sibelius (1)"
    },
    {
      "date": "2023-11-20",
      "fiscal_year": "FY24",
      "quintile": "nov-dec",
      "quintile_name": "Nov-Dec",
      "source_file": "2023.11.20 Sales Report.xlsx",
      "actual_revenue": 996371,
      "pct_budget": 85.2,
      "num_performances": 7,
      "budget": 1169000,
      "total_seats": 31116,
      "seats_sold": 16161,
      "capacity_pct": 51.9,
      "atp": 61.65,
      "programming": "Music Illuminates the Soul (1); Through the Lens (1)"
    },
    {
      "date": "2023-11-20",
      "fiscal_year": "FY24",
      "quintile": "sep-oct",
      "quintile_name": "Sep-Oct",
      "source_file": "2023.11.20 Sales Report.xlsx",
      "actual_revenue": 1027871,
      "pct_budget": 98.8,
      "num_performances": 8,
      "budget": 1040000,
      "total_seats": 28506,
      "seats_sold": 14507,
      "capacity_pct": 50.9,
      "atp": 70.85,
      "programming": "The Music is Calling (1); Explore Your Imagination (1)"
    },
    {
      "date": "2023-11-27",
      "fiscal_year": "FY24",
      "quintile": "jan-feb",
      "quintile_name": "Jan-Feb",
      "source_file": "2023.11.27 Sales Report.xlsx",
      "actual_revenue": 189682,
      "pct_budget": 30.3,
      "num_performances": 7,
      "budget": 626000,
      "total_seats": 28785,
      "seats_sold": 2836,
      "capacity_pct": 9.9,
      "atp": 66.88,
      "programming": "Joyce DiDonato (1); Mozart VC No. 5 (1); Pamela Frank/Beethoven VC (1)"
    },
    {
      "date": "2023-11-27",
      "fiscal_year": "FY24",
      "quintile": "mar-apr",
      "quintile_name": "Mar-Apr",
      "source_file": "2023.11.27 Sales Report.xlsx",
      "actual_revenue": 268462,
      "pct_budget": 36.5,
      "num_performances": 8,
      "budget": 736000,
      "total_seats": 28809,
      "seats_sold": 3417,
      "capacity_pct": 11.9,
      "atp": 78.57,
      "programming": "Joyce Yang/Tchaikovsky PC 1 (1); Matthias Pintscher/Quint (1); Bolero/Xavier Foley (1); Kahane/Beethoven PC4 (1)"
    },
    {
      "date": "2023-11-27",
      "fiscal_year": "FY24",
      "quintile": "may-jun",
      "quintile_name": "May-Jun",
      "source_file": "2023.11.27 Sales Report.xlsx",
      "actual_revenue": 63999,
      "pct_budget": 10.1,
      "num_performances": 5,
      "budget": 635000,
      "total_seats": 19986,
      "seats_sold": 949,
      "capacity_pct": 4.7,
      "atp": 67.44,
      "programming": "Joshua Bell (1); Mahler's Resurrection (1); Mendelssohn/Barber/Sibelius (1)"
    },
    {
      "date": "2023-11-27",
      "fiscal_year": "FY24",
      "quintile": "nov-dec",
      "quintile_name": "Nov-Dec",
      "source_file": "2023.11.27 Sales Report.xlsx",
      "actual_revenue": 1081924,
      "pct_budget": 92.6,
      "num_performances": 7,
      "budget": 1169000,
      "total_seats": 31116,
      "seats_sold": 17498,
      "capacity_pct": 56.2,
      "atp": 61.83,
      "programming": "Music Illuminates the Soul (1); Through the Lens (1)"
    },
    {
      "date": "2023-11-27",
      "fiscal_year": "FY24",
      "quintile": "sep-oct",
      "quintile_name": "Sep-Oct",
      "source_file": "2023.11.27 Sales Report.xlsx",
      "actual_revenue": 1027871,
      "pct_budget": 98.8,
      "num_performances": 8,
      "budget": 1040000,
      "total_seats": 28506,
      "seats_sold": 14507,
      "capacity_pct": 50.9,
      "atp": 70.85,
      "programming": "The Music is Calling (1); Explore Your Imagination (1)"
    },
    {
      "date": "2023-12-04",
      "fiscal_year": "FY24",
      "quintile": "jan-feb",
      "quintile_name": "Jan-Feb",
      "source_file": "2023.12.04 Sales Report.xlsx",
      "actual_revenue": 211792,
      "pct_budget": 33.8,
      "num_performances": 7,
      "budget": 626000,
      "total_seats": 28785,
      "seats_sold": 3118,
      "capacity_pct": 10.8,
      "atp": 67.93,
      "programming": "Joyce DiDonato (1); Mozart VC No. 5 (1); Pamela Frank/Beethoven VC (1)"
    },
    {
      "date": "2023-12-04",
      "fiscal_year": "FY24",
      "quintile": "mar-apr",
      "quintile_name": "Mar-Apr",
      "source_file": "2023.12.04 Sales Report.xlsx",
      "actual_revenue": 282531,
      "pct_budget": 38.4,
      "num_performances": 8,
      "budget": 736000,
      "total_seats": 28809,
      "seats_sold": 3575,
      "capacity_pct": 12.4,
      "atp": 79.03,
      "programming": "Joyce Yang/Tchaikovsky PC 1 (1); Matthias Pintscher/Quint (1); Bolero/Xavier Foley (1); Kahane/Beethoven PC4 (1)"
    },
    {
      "date": "2023-12-04",
      "fiscal_year": "FY24",
      "quintile": "may-jun",
      "quintile_name": "May-Jun",
      "source_file": "2023.12.04 Sales Report.xlsx",
      "actual_revenue": 79643,
      "pct_budget": 12.5,
      "num_performances": 5,
      "budget": 635000,
      "total_seats": 19986,
      "seats_sold": 1028,
      "capacity_pct": 5.1,
      "atp": 77.47,
      "programming": "Joshua Bell (1); Mahler's Resurrection (1); Mendelssohn/Barber/Sibelius (1)"
    },
    {
      "date": "2023-12-04",
      "fiscal_year": "FY24",
      "quintile": "nov-dec",
      "quintile_name": "Nov-Dec",
      "source_file": "2023.12.04 Sales Report.xlsx",
      "actual_revenue": 1186628,
      "pct_budget": 101.5,
      "num_performances": 7,
      "budget": 1169000,
      "total_seats": 31116,
      "seats_sold": 19099,
      "capacity_pct": 61.4,
      "atp": 62.13,
      "programming": "Music Illuminates the Soul (1); Through the Lens (1)"
    },
    {
      "date": "2023-12-04",
      "fiscal_year": "FY24",
      "quintile": "sep-oct",
      "quintile_name": "Sep-Oct",
      "source_file": "2023.12.04 Sales Report.xlsx",
      "actual_revenue": 1027871,
      "pct_budget": 98.8,
      "num_performances": 8,
      "budget": 1040000,
      "total_seats": 28506,
      "seats_sold": 14507,
      "capacity_pct": 50.9,
      "atp": 70.85,
      "programming": "The Music is Calling (1); Explore Your Imagination (1)"
    },
    {
      "date": "2023-12-11",
      "fiscal_year": "FY24",
      "quintile": "jan-feb",
      "quintile_name": "Jan-Feb",
      "source_file": "2023.12.11 Sales Report.xlsx",
      "actual_revenue": 235827,
      "pct_budget": 37.7,
      "num_performances": 7,
      "budget": 626000,
      "total_seats": 28785,
      "seats_sold": 3553,
      "capacity_pct": 12.3,
      "atp": 66.37,
      "programming": "Joyce DiDonato (1); Mozart VC No. 5 (1); Pamela Frank/Beethoven VC (1)"
    },
    {
      "date": "2023-12-11",
      "fiscal_year": "FY24",
      "quintile": "mar-apr",
      "quintile_name": "Mar-Apr",
      "source_file": "2023.12.11 Sales Report.xlsx",
      "actual_revenue": 296949,
      "pct_budget": 40.3,
      "num_performances": 8,
      "budget": 736000,
      "total_seats": 28809,
      "seats_sold": 3733,
      "capacity_pct": 13,
      "atp": 79.55,
      "programming": "Joyce Yang/Tchaikovsky PC 1 (1); Matthias Pintscher/Quint (1); Bolero/Xavier Foley (1); Kahane/Beethoven PC4 (1)"
    },
    {
      "date": "2023-12-11",
      "fiscal_year": "FY24",
      "quintile": "may-jun",
      "quintile_name": "May-Jun",
      "source_file": "2023.12.11 Sales Report.xlsx",
      "actual_revenue": 95559,
      "pct_budget": 15,
      "num_performances": 5,
      "budget": 635000,
      "total_seats": 19986,
      "seats_sold": 1113,
      "capacity_pct": 5.6,
      "atp": 85.86,
      "programming": "Joshua Bell (1); Mahler's Resurrection (1); Mendelssohn/Barber/Sibelius (1)"
    },
    {
      "date": "2023-12-11",
      "fiscal_year": "FY24",
      "quintile": "nov-dec",
      "quintile_name": "Nov-Dec",
      "source_file": "2023.12.11 Sales Report.xlsx",
      "actual_revenue": 1258141,
      "pct_budget": 107.6,
      "num_performances": 7,
      "budget": 1169000,
      "total_seats": 31116,
      "seats_sold": 20056,
      "capacity_pct": 64.5,
      "atp": 62.73,
      "programming": "Music Illuminates the Soul (1); Through the Lens (1)"
    },
    {
      "date": "2023-12-11",
      "fiscal_year": "FY24",
      "quintile": "sep-oct",
      "quintile_name": "Sep-Oct",
      "source_file": "2023.12.11 Sales Report.xlsx",
      "actual_revenue": 1027871,
      "pct_budget": 98.8,
      "num_performances": 8,
      "budget": 1040000,
      "total_seats": 28506,
      "seats_sold": 14507,
      "capacity_pct": 50.9,
      "atp": 70.85,
      "programming": "The Music is Calling (1); Explore Your Imagination (1)"
    },
    {
      "date": "2023-12-18",
      "fiscal_year": "FY24",
      "quintile": "jan-feb",
      "quintile_name": "Jan-Feb",
      "source_file": "2023.12.18 Sales Report.xlsx",
      "actual_revenue": 265109,
      "pct_budget": 42.3,
      "num_performances": 7,
      "budget": 626000,
      "total_seats": 28785,
      "seats_sold": 4020,
      "capacity_pct": 14,
      "atp": 65.95,
      "programming": "Joyce DiDonato (1); Mozart VC No. 5 (1); Pamela Frank/Beethoven VC (1)"
    },
    {
      "date": "2023-12-18",
      "fiscal_year": "FY24",
      "quintile": "mar-apr",
      "quintile_name": "Mar-Apr",
      "source_file": "2023.12.18 Sales Report.xlsx",
      "actual_revenue": 319097,
      "pct_budget": 43.4,
      "num_performances": 8,
      "budget": 736000,
      "total_seats": 28809,
      "seats_sold": 3994,
      "capacity_pct": 13.9,
      "atp": 79.89,
      "programming": "Joyce Yang/Tchaikovsky PC 1 (1); Matthias Pintscher/Quint (1); Bolero/Xavier Foley (1); Kahane/Beethoven PC4 (1)"
    },
    {
      "date": "2023-12-18",
      "fiscal_year": "FY24",
      "quintile": "may-jun",
      "quintile_name": "May-Jun",
      "source_file": "2023.12.18 Sales Report.xlsx",
      "actual_revenue": 110904,
      "pct_budget": 17.5,
      "num_performances": 5,
      "budget": 635000,
      "total_seats": 19986,
      "seats_sold": 1208,
      "capacity_pct": 6,
      "atp": 91.81,
      "programming": "Joshua Bell (1); Mahler's Resurrection (1); Mendelssohn/Barber/Sibelius (1)"
    },
    {
      "date": "2023-12-18",
      "fiscal_year": "FY24",
      "quintile": "nov-dec",
      "quintile_name": "Nov-Dec",
      "source_file": "2023.12.18 Sales Report.xlsx",
      "actual_revenue": 1321221,
      "pct_budget": 113,
      "num_performances": 7,
      "budget": 1169000,
      "total_seats": 31116,
      "seats_sold": 20914,
      "capacity_pct": 67.2,
      "atp": 63.17,
      "programming": "Music Illuminates the Soul (1); Through the Lens (1)"
    },
    {
      "date": "2023-12-18",
      "fiscal_year": "FY24",
      "quintile": "sep-oct",
      "quintile_name": "Sep-Oct",
      "source_file": "2023.12.18 Sales Report.xlsx",
      "actual_revenue": 1027871,
      "pct_budget": 98.8,
      "num_performances": 8,
      "budget": 1040000,
      "total_seats": 28506,
      "seats_sold": 14507,
      "capacity_pct": 50.9,
      "atp": 70.85,
      "programming": "The Music is Calling (1); Explore Your Imagination (1)"
    },
    {
      "date": "2024-01-05",
      "fiscal_year": "FY24",
      "quintile": "jan-feb",
      "quintile_name": "Jan-Feb",
      "source_file": "2024.01.05 Sales Report.xlsx",
      "actual_revenue": 374931,
      "pct_budget": 59.9,
      "num_performances": 7,
      "budget": 626000,
      "total_seats": 28785,
      "seats_sold": 5794,
      "capacity_pct": 20.1,
      "atp": 64.71,
      "programming": "Joyce DiDonato (1); Mozart VC No. 5 (1); Pamela Frank/Beethoven VC (1)"
    },
    {
      "date": "2024-01-05",
      "fiscal_year": "FY24",
      "quintile": "mar-apr",
      "quintile_name": "Mar-Apr",
      "source_file": "2024.01.05 Sales Report.xlsx",
      "actual_revenue": 373382,
      "pct_budget": 50.7,
      "num_performances": 8,
      "budget": 736000,
      "total_seats": 28809,
      "seats_sold": 4665,
      "capacity_pct": 16.2,
      "atp": 80.04,
      "programming": "Joyce Yang/Tchaikovsky PC 1 (1); Matthias Pintscher/Quint (1); Bolero/Xavier Foley (1); Kahane/Beethoven PC4 (1)"
    },
    {
      "date": "2024-01-05",
      "fiscal_year": "FY24",
      "quintile": "may-jun",
      "quintile_name": "May-Jun",
      "source_file": "2024.01.05 Sales Report.xlsx",
      "actual_revenue": 143180,
      "pct_budget": 22.5,
      "num_performances": 5,
      "budget": 635000,
      "total_seats": 19986,
      "seats_sold": 1407,
      "capacity_pct": 7,
      "atp": 101.76,
      "programming": "Joshua Bell (1); Mahler's Resurrection (1); Mendelssohn/Barber/Sibelius (1)"
    },
    {
      "date": "2024-01-05",
      "fiscal_year": "FY24",
      "quintile": "nov-dec",
      "quintile_name": "Nov-Dec",
      "source_file": "2024.01.05 Sales Report.xlsx",
      "actual_revenue": 1338660,
      "pct_budget": 114.5,
      "num_performances": 7,
      "budget": 1169000,
      "total_seats": 31116,
      "seats_sold": 21089,
      "capacity_pct": 67.8,
      "atp": 63.48,
      "programming": "Music Illuminates the Soul (1); Through the Lens (1)"
    },
    {
      "date": "2024-01-05",
      "fiscal_year": "FY24",
      "quintile": "sep-oct",
      "quintile_name": "Sep-Oct",
      "source_file": "2024.01.05 Sales Report.xlsx",
      "actual_revenue": 1027871,
      "pct_budget": 98.8,
      "num_performances": 8,
      "budget": 1040000,
      "total_seats": 28506,
      "seats_sold": 14507,
      "capacity_pct": 50.9,
      "atp": 70.85,
      "programming": "The Music is Calling (1); Explore Your Imagination (1)"
    },
    {
      "date": "2024-01-17",
      "fiscal_year": "FY24",
      "quintile": "jan-feb",
      "quintile_name": "Jan-Feb",
      "source_file": "2024.01.17 Sales Report.xlsx",
      "actual_revenue": 453551,
      "pct_budget": 72.5,
      "num_performances": 7,
      "budget": 626000,
      "total_seats": 28785,
      "seats_sold": 7190,
      "capacity_pct": 25,
      "atp": 63.08,
      "programming": "Joyce DiDonato (1); Mozart VC No. 5 & Korngold (1); Pamela Frank/Beethoven VC (1)"
    },
    {
      "date": "2024-01-17",
      "fiscal_year": "FY24",
      "quintile": "mar-apr",
      "quintile_name": "Mar-Apr",
      "source_file": "2024.01.17 Sales Report.xlsx",
      "actual_revenue": 402010,
      "pct_budget": 54.6,
      "num_performances": 8,
      "budget": 736000,
      "total_seats": 28809,
      "seats_sold": 5052,
      "capacity_pct": 17.5,
      "atp": 79.57,
      "programming": "Joyce Yang/Tchaikovsky PC 1 (1); Matthias Pintscher/Quint (1); Bolero/Xavier Foley (1); Kahane/Beethoven PC4 (1)"
    },
    {
      "date": "2024-01-17",
      "fiscal_year": "FY24",
      "quintile": "may-jun",
      "quintile_name": "May-Jun",
      "source_file": "2024.01.17 Sales Report.xlsx",
      "actual_revenue": 278598,
      "pct_budget": 35.5,
      "num_performances": 6,
      "budget": 785000,
      "total_seats": 22454,
      "seats_sold": 2787,
      "capacity_pct": 12.4,
      "atp": 99.96,
      "programming": "Joshua Bell (1); Mahler's Resurrection (1); Mendelssohn/Barber/Sibelius (1)"
    },
    {
      "date": "2024-01-17",
      "fiscal_year": "FY24",
      "quintile": "nov-dec",
      "quintile_name": "Nov-Dec",
      "source_file": "2024.01.17 Sales Report.xlsx",
      "actual_revenue": 1338660,
      "pct_budget": 114.5,
      "num_performances": 7,
      "budget": 1169000,
      "total_seats": 31116,
      "seats_sold": 21089,
      "capacity_pct": 67.8,
      "atp": 63.48,
      "programming": "Music Illuminates the Soul (1); Through the Lens (1)"
    },
    {
      "date": "2024-01-17",
      "fiscal_year": "FY24",
      "quintile": "sep-oct",
      "quintile_name": "Sep-Oct",
      "source_file": "2024.01.17 Sales Report.xlsx",
      "actual_revenue": 1027871,
      "pct_budget": 98.8,
      "num_performances": 8,
      "budget": 1040000,
      "total_seats": 28506,
      "seats_sold": 14507,
      "capacity_pct": 50.9,
      "atp": 70.85,
      "programming": "The Music is Calling (1); Explore Your Imagination (1)"
    },
    {
      "date": "2024-01-19",
      "fiscal_year": "FY24",
      "quintile": "jan-feb",
      "quintile_name": "Jan-Feb",
      "source_file": "2024.01.19 Sales Report.xlsx",
      "actual_revenue": 474327,
      "pct_budget": 75.8,
      "num_performances": 7,
      "budget": 626000,
      "total_seats": 28785,
      "seats_sold": 7526,
      "capacity_pct": 26.1,
      "atp": 63.03,
      "programming": "Joyce DiDonato (1); Mozart VC No. 5 & Korngold (1); Pamela Frank/Beethoven VC (1)"
    },
    {
      "date": "2024-01-19",
      "fiscal_year": "FY24",
      "quintile": "mar-apr",
      "quintile_name": "Mar-Apr",
      "source_file": "2024.01.19 Sales Report.xlsx",
      "actual_revenue": 412702,
      "pct_budget": 56.1,
      "num_performances": 8,
      "budget": 736000,
      "total_seats": 28809,
      "seats_sold": 5159,
      "capacity_pct": 17.9,
      "atp": 80,
      "programming": "Joyce Yang/Tchaikovsky PC 1 (1); Matthias Pintscher/Quint (1); Bolero/Xavier Foley (1); Kahane/Beethoven PC4 (1)"
    },
    {
      "date": "2024-01-19",
      "fiscal_year": "FY24",
      "quintile": "may-jun",
      "quintile_name": "May-Jun",
      "source_file": "2024.01.19 Sales Report.xlsx",
      "actual_revenue": 296862,
      "pct_budget": 37.8,
      "num_performances": 6,
      "budget": 785000,
      "total_seats": 22454,
      "seats_sold": 2941,
      "capacity_pct": 13.1,
      "atp": 100.94,
      "programming": "Joshua Bell (1); Mahler's Resurrection (1); Mendelssohn/Barber/Sibelius (1)"
    },
    {
      "date": "2024-01-19",
      "fiscal_year": "FY24",
      "quintile": "nov-dec",
      "quintile_name": "Nov-Dec",
      "source_file": "2024.01.19 Sales Report.xlsx",
      "actual_revenue": 1338660,
      "pct_budget": 114.5,
      "num_performances": 7,
      "budget": 1169000,
      "total_seats": 31116,
      "seats_sold": 21089,
      "capacity_pct": 67.8,
      "atp": 63.48,
      "programming": "Music Illuminates the Soul (1); Through the Lens (1)"
    },
    {
      "date": "2024-01-19",
      "fiscal_year": "FY24",
      "quintile": "sep-oct",
      "quintile_name": "Sep-Oct",
      "source_file": "2024.01.19 Sales Report.xlsx",
      "actual_revenue": 1027871,
      "pct_budget": 98.8,
      "num_performances": 8,
      "budget": 1040000,
      "total_seats": 28506,
      "seats_sold": 14507,
      "capacity_pct": 50.9,
      "atp": 70.85,
      "programming": "The Music is Calling (1); Explore Your Imagination (1)"
    },
    {
      "date": "2024-01-23",
      "fiscal_year": "FY24",
      "quintile": "jan-feb",
      "quintile_name": "Jan-Feb",
      "source_file": "2024.01.23 Sales Report.xlsx",
      "actual_revenue": 496445,
      "pct_budget": 79.3,
      "num_performances": 7,
      "budget": 626000,
      "total_seats": 28785,
      "seats_sold": 7701,
      "capacity_pct": 26.8,
      "atp": 64.47,
      "programming": "Joyce DiDonato (1); Mozart VC No. 5 & Korngold (1); Pamela Frank/Beethoven VC (1)"
    },
    {
      "date": "2024-01-23",
      "fiscal_year": "FY24",
      "quintile": "mar-apr",
      "quintile_name": "Mar-Apr",
      "source_file": "2024.01.23 Sales Report.xlsx",
      "actual_revenue": 420772,
      "pct_budget": 57.2,
      "num_performances": 8,
      "budget": 736000,
      "total_seats": 28809,
      "seats_sold": 5235,
      "capacity_pct": 18.2,
      "atp": 80.38,
      "programming": "Joyce Yang/Tchaikovsky PC 1 (1); Matthias Pintscher/Quint (1); Bolero/Xavier Foley (1); Kahane/Beethoven PC4 (1)"
    },
    {
      "date": "2024-01-23",
      "fiscal_year": "FY24",
      "quintile": "may-jun",
      "quintile_name": "May-Jun",
      "source_file": "2024.01.23 Sales Report.xlsx",
      "actual_revenue": 308028,
      "pct_budget": 39.2,
      "num_performances": 6,
      "budget": 785000,
      "total_seats": 22454,
      "seats_sold": 3072,
      "capacity_pct": 13.7,
      "atp": 100.27,
      "programming": "Joshua Bell (1); Mahler's Resurrection (1); Mendelssohn/Barber/Sibelius (1)"
    },
    {
      "date": "2024-01-23",
      "fiscal_year": "FY24",
      "quintile": "nov-dec",
      "quintile_name": "Nov-Dec",
      "source_file": "2024.01.23 Sales Report.xlsx",
      "actual_revenue": 1338660,
      "pct_budget": 114.5,
      "num_performances": 7,
      "budget": 1169000,
      "total_seats": 31116,
      "seats_sold": 21089,
      "capacity_pct": 67.8,
      "atp": 63.48,
      "programming": "Music Illuminates the Soul (1); Through the Lens (1)"
    },
    {
      "date": "2024-01-23",
      "fiscal_year": "FY24",
      "quintile": "sep-oct",
      "quintile_name": "Sep-Oct",
      "source_file": "2024.01.23 Sales Report.xlsx",
      "actual_revenue": 1027871,
      "pct_budget": 98.8,
      "num_performances": 8,
      "budget": 1040000,
      "total_seats": 28506,
      "seats_sold": 14507,
      "capacity_pct": 50.9,
      "atp": 70.85,
      "programming": "The Music is Calling (1); Explore Your Imagination (1)"
    },
    {
      "date": "2024-01-26",
      "fiscal_year": "FY24",
      "quintile": "jan-feb",
      "quintile_name": "Jan-Feb",
      "source_file": "2024.01.26 Sales Report.xlsx",
      "actual_revenue": 517455,
      "pct_budget": 82.7,
      "num_performances": 7,
      "budget": 626000,
      "total_seats": 28785,
      "seats_sold": 8179,
      "capacity_pct": 28.4,
      "atp": 63.27,
      "programming": "Joyce DiDonato (1); Mozart VC No. 5 & Korngold (1); Pamela Frank/Beethoven VC (1)"
    },
    {
      "date": "2024-01-26",
      "fiscal_year": "FY24",
      "quintile": "mar-apr",
      "quintile_name": "Mar-Apr",
      "source_file": "2024.01.26 Sales Report.xlsx",
      "actual_revenue": 436527,
      "pct_budget": 59.3,
      "num_performances": 8,
      "budget": 736000,
      "total_seats": 28809,
      "seats_sold": 5418,
      "capacity_pct": 18.8,
      "atp": 80.57,
      "programming": "Joyce Yang/Tchaikovsky PC 1 (1); Matthias Pintscher/Quint (1); Bolero/Xavier Foley (1); Kahane/Beethoven PC4 (1)"
    },
    {
      "date": "2024-01-26",
      "fiscal_year": "FY24",
      "quintile": "may-jun",
      "quintile_name": "May-Jun",
      "source_file": "2024.01.26 Sales Report.xlsx",
      "actual_revenue": 341423,
      "pct_budget": 43.5,
      "num_performances": 6,
      "budget": 785000,
      "total_seats": 22454,
      "seats_sold": 3339,
      "capacity_pct": 14.9,
      "atp": 102.25,
      "programming": "Joshua Bell (1); Mahler's Resurrection (1); Mendelssohn/Barber/Sibelius (1)"
    },
    {
      "date": "2024-01-26",
      "fiscal_year": "FY24",
      "quintile": "nov-dec",
      "quintile_name": "Nov-Dec",
      "source_file": "2024.01.26 Sales Report.xlsx",
      "actual_revenue": 1338660,
      "pct_budget": 114.5,
      "num_performances": 7,
      "budget": 1169000,
      "total_seats": 31116,
      "seats_sold": 21089,
      "capacity_pct": 67.8,
      "atp": 63.48,
      "programming": "Music Illuminates the Soul (1); Through the Lens (1)"
    },
    {
      "date": "2024-01-26",
      "fiscal_year": "FY24",
      "quintile": "sep-oct",
      "quintile_name": "Sep-Oct",
      "source_file": "2024.01.26 Sales Report.xlsx",
      "actual_revenue": 1027871,
      "pct_budget": 98.8,
      "num_performances": 8,
      "budget": 1040000,
      "total_seats": 28506,
      "seats_sold": 14507,
      "capacity_pct": 50.9,
      "atp": 70.85,
      "programming": "The Music is Calling (1); Explore Your Imagination (1)"
    },
    {
      "date": "2024-01-31",
      "fiscal_year": "FY24",
      "quintile": "jan-feb",
      "quintile_name": "Jan-Feb",
      "source_file": "2024.01.31 Sales Report.xlsx",
      "actual_revenue": 531781,
      "pct_budget": 84.9,
      "num_performances": 7,
      "budget": 626000,
      "total_seats": 28785,
      "seats_sold": 8456,
      "capacity_pct": 29.4,
      "atp": 62.89,
      "programming": "Joyce DiDonato (1); Mozart VC No. 5 & Korngold (1); Pamela Frank/Beethoven VC (1)"
    },
    {
      "date": "2024-01-31",
      "fiscal_year": "FY24",
      "quintile": "mar-apr",
      "quintile_name": "Mar-Apr",
      "source_file": "2024.01.31 Sales Report.xlsx",
      "actual_revenue": 441287,
      "pct_budget": 60,
      "num_performances": 8,
      "budget": 736000,
      "total_seats": 28809,
      "seats_sold": 5474,
      "capacity_pct": 19,
      "atp": 80.62,
      "programming": "Joyce Yang/Tchaikovsky PC 1 (1); Matthias Pintscher/Quint (1); Bolero/Xavier Foley (1); Kahane/Beethoven PC4 (1)"
    },
    {
      "date": "2024-01-31",
      "fiscal_year": "FY24",
      "quintile": "may-jun",
      "quintile_name": "May-Jun",
      "source_file": "2024.01.31 Sales Report.xlsx",
      "actual_revenue": 352011,
      "pct_budget": 44.8,
      "num_performances": 6,
      "budget": 785000,
      "total_seats": 22454,
      "seats_sold": 3437,
      "capacity_pct": 15.3,
      "atp": 102.42,
      "programming": "Joshua Bell (1); Mahler's Resurrection (1); Mendelssohn/Barber/Sibelius (1)"
    },
    {
      "date": "2024-01-31",
      "fiscal_year": "FY24",
      "quintile": "nov-dec",
      "quintile_name": "Nov-Dec",
      "source_file": "2024.01.31 Sales Report.xlsx",
      "actual_revenue": 1338660,
      "pct_budget": 114.5,
      "num_performances": 7,
      "budget": 1169000,
      "total_seats": 31116,
      "seats_sold": 21089,
      "capacity_pct": 67.8,
      "atp": 63.48,
      "programming": "Music Illuminates the Soul (1); Through the Lens (1)"
    },
    {
      "date": "2024-01-31",
      "fiscal_year": "FY24",
      "quintile": "sep-oct",
      "quintile_name": "Sep-Oct",
      "source_file": "2024.01.31 Sales Report.xlsx",
      "actual_revenue": 1027871,
      "pct_budget": 98.8,
      "num_performances": 8,
      "budget": 1040000,
      "total_seats": 28506,
      "seats_sold": 14507,
      "capacity_pct": 50.9,
      "atp": 70.85,
      "programming": "The Music is Calling (1); Explore Your Imagination (1)"
    },
    {
      "date": "2024-02-02",
      "fiscal_year": "FY24",
      "quintile": "jan-feb",
      "quintile_name": "Jan-Feb",
      "source_file": "2024.02.02 Sales Report.xlsx",
      "actual_revenue": 572374,
      "pct_budget": 91.4,
      "num_performances": 7,
      "budget": 626000,
      "total_seats": 28785,
      "seats_sold": 9156,
      "capacity_pct": 31.8,
      "atp": 62.51,
      "programming": "Joyce DiDonato (1); Mozart VC No. 5 & Korngold (1); Pamela Frank/Beethoven VC (1)"
    },
    {
      "date": "2024-02-02",
      "fiscal_year": "FY24",
      "quintile": "mar-apr",
      "quintile_name": "Mar-Apr",
      "source_file": "2024.02.02 Sales Report.xlsx",
      "actual_revenue": 451143,
      "pct_budget": 61.3,
      "num_performances": 8,
      "budget": 736000,
      "total_seats": 28809,
      "seats_sold": 5599,
      "capacity_pct": 19.4,
      "atp": 80.58,
      "programming": "Joyce Yang/Tchaikovsky PC 1 (1); Matthias Pintscher/Quint (1); Bolero/Xavier Foley (1); Kahane/Beethoven PC4 (1)"
    },
    {
      "date": "2024-02-02",
      "fiscal_year": "FY24",
      "quintile": "may-jun",
      "quintile_name": "May-Jun",
      "source_file": "2024.02.02 Sales Report.xlsx",
      "actual_revenue": 377469,
      "pct_budget": 48.1,
      "num_performances": 6,
      "budget": 785000,
      "total_seats": 22454,
      "seats_sold": 3628,
      "capacity_pct": 16.2,
      "atp": 104.04,
      "programming": "Joshua Bell (1); Mahler's Resurrection (1); Mendelssohn/Barber/Sibelius (1)"
    },
    {
      "date": "2024-02-02",
      "fiscal_year": "FY24",
      "quintile": "nov-dec",
      "quintile_name": "Nov-Dec",
      "source_file": "2024.02.02 Sales Report.xlsx",
      "actual_revenue": 1338660,
      "pct_budget": 114.5,
      "num_performances": 7,
      "budget": 1169000,
      "total_seats": 31116,
      "seats_sold": 21089,
      "capacity_pct": 67.8,
      "atp": 63.48,
      "programming": "Music Illuminates the Soul (1); Through the Lens (1)"
    },
    {
      "date": "2024-02-02",
      "fiscal_year": "FY24",
      "quintile": "sep-oct",
      "quintile_name": "Sep-Oct",
      "source_file": "2024.02.02 Sales Report.xlsx",
      "actual_revenue": 1027871,
      "pct_budget": 98.8,
      "num_performances": 8,
      "budget": 1040000,
      "total_seats": 28506,
      "seats_sold": 14507,
      "capacity_pct": 50.9,
      "atp": 70.85,
      "programming": "The Music is Calling (1); Explore Your Imagination (1)"
    },
    {
      "date": "2024-02-07",
      "fiscal_year": "FY24",
      "quintile": "jan-feb",
      "quintile_name": "Jan-Feb",
      "source_file": "2024.02.07 Sales Report.xlsx",
      "actual_revenue": 609350,
      "pct_budget": 97.3,
      "num_performances": 7,
      "budget": 626000,
      "total_seats": 28785,
      "seats_sold": 9820,
      "capacity_pct": 34.1,
      "atp": 62.05,
      "programming": "Joyce DiDonato (1); Mozart VC No. 5 & Korngold (1); Beethoven's Fifth (1)"
    },
    {
      "date": "2024-02-07",
      "fiscal_year": "FY24",
      "quintile": "mar-apr",
      "quintile_name": "Mar-Apr",
      "source_file": "2024.02.07 Sales Report.xlsx",
      "actual_revenue": 462222,
      "pct_budget": 62.8,
      "num_performances": 8,
      "budget": 736000,
      "total_seats": 28809,
      "seats_sold": 5741,
      "capacity_pct": 19.9,
      "atp": 80.51,
      "programming": "Joyce Yang/Tchaikovsky PC 1 (1); Matthias Pintscher/Quint (1); Bolero/Xavier Foley (1); Kahane/Beethoven PC4 (1)"
    },
    {
      "date": "2024-02-07",
      "fiscal_year": "FY24",
      "quintile": "may-jun",
      "quintile_name": "May-Jun",
      "source_file": "2024.02.07 Sales Report.xlsx",
      "actual_revenue": 393515,
      "pct_budget": 50.1,
      "num_performances": 6,
      "budget": 785000,
      "total_seats": 22454,
      "seats_sold": 3763,
      "capacity_pct": 16.8,
      "atp": 104.57,
      "programming": "Joshua Bell (1); Mahler's Resurrection (1); Mendelssohn/Barber/Sibelius (1)"
    },
    {
      "date": "2024-02-07",
      "fiscal_year": "FY24",
      "quintile": "nov-dec",
      "quintile_name": "Nov-Dec",
      "source_file": "2024.02.07 Sales Report.xlsx",
      "actual_revenue": 1338660,
      "pct_budget": 114.5,
      "num_performances": 7,
      "budget": 1169000,
      "total_seats": 31116,
      "seats_sold": 21089,
      "capacity_pct": 67.8,
      "atp": 63.48,
      "programming": "Music Illuminates the Soul (1); Through the Lens (1)"
    },
    {
      "date": "2024-02-07",
      "fiscal_year": "FY24",
      "quintile": "sep-oct",
      "quintile_name": "Sep-Oct",
      "source_file": "2024.02.07 Sales Report.xlsx",
      "actual_revenue": 1027871,
      "pct_budget": 98.8,
      "num_performances": 8,
      "budget": 1040000,
      "total_seats": 28506,
      "seats_sold": 14507,
      "capacity_pct": 50.9,
      "atp": 70.85,
      "programming": "The Music is Calling (1); Explore Your Imagination (1)"
    },
    {
      "date": "2024-02-23",
      "fiscal_year": "FY24",
      "quintile": "jan-feb",
      "quintile_name": "Jan-Feb",
      "source_file": "2024.02.23 Sales Report.xlsx",
      "actual_revenue": 698927,
      "pct_budget": 111.6,
      "num_performances": 7,
      "budget": 626000,
      "total_seats": 28785,
      "seats_sold": 11112,
      "capacity_pct": 38.6,
      "atp": 62.9,
      "programming": "Joyce DiDonato (1); Mozart VC No. 5 & Korngold (1); Beethoven's Fifth (1)"
    },
    {
      "date": "2024-02-23",
      "fiscal_year": "FY24",
      "quintile": "mar-apr",
      "quintile_name": "Mar-Apr",
      "source_file": "2024.02.23 Sales Report.xlsx",
      "actual_revenue": 548747,
      "pct_budget": 74.6,
      "num_performances": 8,
      "budget": 736000,
      "total_seats": 28809,
      "seats_sold": 6940,
      "capacity_pct": 24.1,
      "atp": 79.07,
      "programming": "Joyce Yang/Tchaikovsky PC 1 (1); Matthias Pintscher/Quint (1); Bolero/Xavier Foley (1); Kahane/Beethoven PC4 (1)"
    },
    {
      "date": "2024-02-23",
      "fiscal_year": "FY24",
      "quintile": "may-jun",
      "quintile_name": "May-Jun",
      "source_file": "2024.02.23 Sales Report.xlsx",
      "actual_revenue": 514037,
      "pct_budget": 65.5,
      "num_performances": 6,
      "budget": 785000,
      "total_seats": 22454,
      "seats_sold": 4604,
      "capacity_pct": 20.5,
      "atp": 111.65,
      "programming": "Joshua Bell (1); Mahler's Resurrection (1); Mendelssohn/Barber/Sibelius (1)"
    },
    {
      "date": "2024-02-23",
      "fiscal_year": "FY24",
      "quintile": "nov-dec",
      "quintile_name": "Nov-Dec",
      "source_file": "2024.02.23 Sales Report.xlsx",
      "actual_revenue": 1338660,
      "pct_budget": 114.5,
      "num_performances": 7,
      "budget": 1169000,
      "total_seats": 31116,
      "seats_sold": 21089,
      "capacity_pct": 67.8,
      "atp": 63.48,
      "programming": "Music Illuminates the Soul (1); Through the Lens (1)"
    },
    {
      "date": "2024-02-23",
      "fiscal_year": "FY24",
      "quintile": "sep-oct",
      "quintile_name": "Sep-Oct",
      "source_file": "2024.02.23 Sales Report.xlsx",
      "actual_revenue": 1027871,
      "pct_budget": 98.8,
      "num_performances": 8,
      "budget": 1040000,
      "total_seats": 28506,
      "seats_sold": 14507,
      "capacity_pct": 50.9,
      "atp": 70.85,
      "programming": "The Music is Calling (1); Explore Your Imagination (1)"
    },
    {
      "date": "2024-02-27",
      "fiscal_year": "FY24",
      "quintile": "jan-feb",
      "quintile_name": "Jan-Feb",
      "source_file": "2024.02.27 Sales Report.xlsx",
      "actual_revenue": 713856,
      "pct_budget": 114,
      "num_performances": 7,
      "budget": 626000,
      "total_seats": 28785,
      "seats_sold": 11322,
      "capacity_pct": 39.3,
      "atp": 63.05,
      "programming": "Joyce DiDonato (1); Mozart VC No. 5 & Korngold (1); Beethoven's Fifth (1)"
    },
    {
      "date": "2024-02-27",
      "fiscal_year": "FY24",
      "quintile": "mar-apr",
      "quintile_name": "Mar-Apr",
      "source_file": "2024.02.27 Sales Report.xlsx",
      "actual_revenue": 561750,
      "pct_budget": 76.3,
      "num_performances": 8,
      "budget": 736000,
      "total_seats": 28809,
      "seats_sold": 7142,
      "capacity_pct": 24.8,
      "atp": 78.65,
      "programming": "Joyce Yang/Tchaikovsky PC 1 (1); Matthias Pintscher/Quint (1); Bolero/Xavier Foley (1); Kahane/Beethoven PC4 (1)"
    },
    {
      "date": "2024-02-27",
      "fiscal_year": "FY24",
      "quintile": "may-jun",
      "quintile_name": "May-Jun",
      "source_file": "2024.02.27 Sales Report.xlsx",
      "actual_revenue": 522929,
      "pct_budget": 66.6,
      "num_performances": 6,
      "budget": 785000,
      "total_seats": 22454,
      "seats_sold": 4691,
      "capacity_pct": 20.9,
      "atp": 111.47,
      "programming": "Joshua Bell (1); Mahler's Resurrection (1); Mendelssohn/Barber/Sibelius (1)"
    },
    {
      "date": "2024-02-27",
      "fiscal_year": "FY24",
      "quintile": "nov-dec",
      "quintile_name": "Nov-Dec",
      "source_file": "2024.02.27 Sales Report.xlsx",
      "actual_revenue": 1338660,
      "pct_budget": 114.5,
      "num_performances": 7,
      "budget": 1169000,
      "total_seats": 31116,
      "seats_sold": 21089,
      "capacity_pct": 67.8,
      "atp": 63.48,
      "programming": "Music Illuminates the Soul (1); Through the Lens (1)"
    },
    {
      "date": "2024-02-27",
      "fiscal_year": "FY24",
      "quintile": "sep-oct",
      "quintile_name": "Sep-Oct",
      "source_file": "2024.02.27 Sales Report.xlsx",
      "actual_revenue": 1027871,
      "pct_budget": 98.8,
      "num_performances": 8,
      "budget": 1040000,
      "total_seats": 28506,
      "seats_sold": 14507,
      "capacity_pct": 50.9,
      "atp": 70.85,
      "programming": "The Music is Calling (1); Explore Your Imagination (1)"
    },
    {
      "date": "2024-03-01",
      "fiscal_year": "FY24",
      "quintile": "jan-feb",
      "quintile_name": "Jan-Feb",
      "source_file": "2024.03.01 Sales Report.xlsx",
      "actual_revenue": 711840,
      "pct_budget": 113.7,
      "num_performances": 7,
      "budget": 626000,
      "total_seats": 28785,
      "seats_sold": 11514,
      "capacity_pct": 40,
      "atp": 61.82,
      "programming": "Joyce DiDonato (1); Mozart VC No. 5 (1); Beethoven's Fifth (1)"
    },
    {
      "date": "2024-03-01",
      "fiscal_year": "FY24",
      "quintile": "mar-apr",
      "quintile_name": "Mar-Apr",
      "source_file": "2024.03.01 Sales Report.xlsx",
      "actual_revenue": 591138,
      "pct_budget": 80.3,
      "num_performances": 8,
      "budget": 736000,
      "total_seats": 28809,
      "seats_sold": 7737,
      "capacity_pct": 26.9,
      "atp": 76.4,
      "programming": "Joyce Yang/Tchaikovsky PC 1 (1); Matthias Pintscher/Quint (1); Bolero/Xavier Foley (1); Kahane/Beethoven PC4 (1)"
    },
    {
      "date": "2024-03-01",
      "fiscal_year": "FY24",
      "quintile": "may-jun",
      "quintile_name": "May-Jun",
      "source_file": "2024.03.01 Sales Report.xlsx",
      "actual_revenue": 548381,
      "pct_budget": 69.9,
      "num_performances": 6,
      "budget": 785000,
      "total_seats": 22454,
      "seats_sold": 4904,
      "capacity_pct": 21.8,
      "atp": 111.82,
      "programming": "Joshua Bell (1); Mahler's Resurrection (1); Mendelssohn/Barber/Sibelius (1)"
    },
    {
      "date": "2024-03-01",
      "fiscal_year": "FY24",
      "quintile": "nov-dec",
      "quintile_name": "Nov-Dec",
      "source_file": "2024.03.01 Sales Report.xlsx",
      "actual_revenue": 1338386,
      "pct_budget": 114.5,
      "num_performances": 7,
      "budget": 1169000,
      "total_seats": 31116,
      "seats_sold": 21085,
      "capacity_pct": 67.8,
      "atp": 63.48,
      "programming": "Music Illuminates the Soul (1); Through the Lens (1)"
    },
    {
      "date": "2024-03-01",
      "fiscal_year": "FY24",
      "quintile": "sep-oct",
      "quintile_name": "Sep-Oct",
      "source_file": "2024.03.01 Sales Report.xlsx",
      "actual_revenue": 1024941,
      "pct_budget": 98.6,
      "num_performances": 8,
      "budget": 1040000,
      "total_seats": 28506,
      "seats_sold": 14457,
      "capacity_pct": 50.7,
      "atp": 70.9,
      "programming": "The Music is Calling (1); Explore Your Imagination (1)"
    },
    {
      "date": "2024-03-06",
      "fiscal_year": "FY24",
      "quintile": "jan-feb",
      "quintile_name": "Jan-Feb",
      "source_file": "2024.03.06 Sales Report.xlsx",
      "actual_revenue": 711840,
      "pct_budget": 113.7,
      "num_performances": 7,
      "budget": 626000,
      "total_seats": 28785,
      "seats_sold": 11514,
      "capacity_pct": 40,
      "atp": 61.82,
      "programming": "Joyce DiDonato (1); Mozart VC No. 5 (1); Beethoven's Fifth (1)"
    },
    {
      "date": "2024-03-06",
      "fiscal_year": "FY24",
      "quintile": "mar-apr",
      "quintile_name": "Mar-Apr",
      "source_file": "2024.03.06 Sales Report.xlsx",
      "actual_revenue": 612637,
      "pct_budget": 83.2,
      "num_performances": 8,
      "budget": 736000,
      "total_seats": 28809,
      "seats_sold": 8233,
      "capacity_pct": 28.6,
      "atp": 74.41,
      "programming": "Joyce Yang/Tchaikovsky PC 1 (1); Matthias Pintscher/Quint (1); Bolero/Xavier Foley (1); Kahane/Beethoven PC4 (1)"
    },
    {
      "date": "2024-03-06",
      "fiscal_year": "FY24",
      "quintile": "may-jun",
      "quintile_name": "May-Jun",
      "source_file": "2024.03.06 Sales Report.xlsx",
      "actual_revenue": 556042,
      "pct_budget": 70.8,
      "num_performances": 6,
      "budget": 785000,
      "total_seats": 22454,
      "seats_sold": 4984,
      "capacity_pct": 22.2,
      "atp": 111.57,
      "programming": "Joshua Bell (1); Mahler's Resurrection (1); Mendelssohn/Barber/Sibelius (1)"
    },
    {
      "date": "2024-03-06",
      "fiscal_year": "FY24",
      "quintile": "nov-dec",
      "quintile_name": "Nov-Dec",
      "source_file": "2024.03.06 Sales Report.xlsx",
      "actual_revenue": 1338386,
      "pct_budget": 114.5,
      "num_performances": 7,
      "budget": 1169000,
      "total_seats": 31116,
      "seats_sold": 21085,
      "capacity_pct": 67.8,
      "atp": 63.48,
      "programming": "Music Illuminates the Soul (1); Through the Lens (1)"
    },
    {
      "date": "2024-03-06",
      "fiscal_year": "FY24",
      "quintile": "sep-oct",
      "quintile_name": "Sep-Oct",
      "source_file": "2024.03.06 Sales Report.xlsx",
      "actual_revenue": 1024941,
      "pct_budget": 98.6,
      "num_performances": 8,
      "budget": 1040000,
      "total_seats": 28506,
      "seats_sold": 14457,
      "capacity_pct": 50.7,
      "atp": 70.9,
      "programming": "The Music is Calling (1); Explore Your Imagination (1)"
    },
    {
      "date": "2024-03-08",
      "fiscal_year": "FY24",
      "quintile": "jan-feb",
      "quintile_name": "Jan-Feb",
      "source_file": "2024.03.08 Sales Report.xlsx",
      "actual_revenue": 711840,
      "pct_budget": 113.7,
      "num_performances": 7,
      "budget": 626000,
      "total_seats": 28785,
      "seats_sold": 11514,
      "capacity_pct": 40,
      "atp": 61.82,
      "programming": "Joyce DiDonato (1); Mozart VC No. 5 (1); Beethoven's Fifth (1)"
    },
    {
      "date": "2024-03-08",
      "fiscal_year": "FY24",
      "quintile": "mar-apr",
      "quintile_name": "Mar-Apr",
      "source_file": "2024.03.08 Sales Report.xlsx",
      "actual_revenue": 633892,
      "pct_budget": 86.1,
      "num_performances": 8,
      "budget": 736000,
      "total_seats": 28809,
      "seats_sold": 8650,
      "capacity_pct": 30,
      "atp": 73.28,
      "programming": "Joyce Yang/Tchaikovsky PC 1 (1); Matthias Pintscher/Quint (1); Bolero/Xavier Foley (1); Kahane/Beethoven PC4 (1)"
    },
    {
      "date": "2024-03-08",
      "fiscal_year": "FY24",
      "quintile": "may-jun",
      "quintile_name": "May-Jun",
      "source_file": "2024.03.08 Sales Report.xlsx",
      "actual_revenue": 568986,
      "pct_budget": 72.5,
      "num_performances": 6,
      "budget": 785000,
      "total_seats": 22454,
      "seats_sold": 5107,
      "capacity_pct": 22.7,
      "atp": 111.41,
      "programming": "Joshua Bell (1); Mahler's Resurrection (1); Mendelssohn/Barber/Sibelius (1)"
    },
    {
      "date": "2024-03-08",
      "fiscal_year": "FY24",
      "quintile": "nov-dec",
      "quintile_name": "Nov-Dec",
      "source_file": "2024.03.08 Sales Report.xlsx",
      "actual_revenue": 1338386,
      "pct_budget": 114.5,
      "num_performances": 7,
      "budget": 1169000,
      "total_seats": 31116,
      "seats_sold": 21085,
      "capacity_pct": 67.8,
      "atp": 63.48,
      "programming": "Music Illuminates the Soul (1); Through the Lens (1)"
    },
    {
      "date": "2024-03-08",
      "fiscal_year": "FY24",
      "quintile": "sep-oct",
      "quintile_name": "Sep-Oct",
      "source_file": "2024.03.08 Sales Report.xlsx",
      "actual_revenue": 1024941,
      "pct_budget": 98.6,
      "num_performances": 8,
      "budget": 1040000,
      "total_seats": 28506,
      "seats_sold": 14457,
      "capacity_pct": 50.7,
      "atp": 70.9,
      "programming": "The Music is Calling (1); Explore Your Imagination (1)"
    },
    {
      "date": "2024-03-11",
      "fiscal_year": "FY24",
      "quintile": "jan-feb",
      "quintile_name": "Jan-Feb",
      "source_file": "2024.03.11Sales Report.xlsx",
      "actual_revenue": 711840,
      "pct_budget": 113.7,
      "num_performances": 7,
      "budget": 626000,
      "total_seats": 28785,
      "seats_sold": 11514,
      "capacity_pct": 40,
      "atp": 61.82,
      "programming": "Joyce DiDonato (1); Mozart VC No. 5 (1); Beethoven's Fifth (1)"
    },
    {
      "date": "2024-03-11",
      "fiscal_year": "FY24",
      "quintile": "mar-apr",
      "quintile_name": "Mar-Apr",
      "source_file": "2024.03.11Sales Report.xlsx",
      "actual_revenue": 657771,
      "pct_budget": 89.4,
      "num_performances": 8,
      "budget": 736000,
      "total_seats": 28809,
      "seats_sold": 9133,
      "capacity_pct": 31.7,
      "atp": 72.02,
      "programming": "Joyce Yang/Tchaikovsky PC 1 (1); Matthias Pintscher/Quint (1); Bolero/Xavier Foley (1); Kahane/Beethoven PC4 (1)"
    },
    {
      "date": "2024-03-11",
      "fiscal_year": "FY24",
      "quintile": "may-jun",
      "quintile_name": "May-Jun",
      "source_file": "2024.03.11Sales Report.xlsx",
      "actual_revenue": 575806,
      "pct_budget": 73.4,
      "num_performances": 6,
      "budget": 785000,
      "total_seats": 22454,
      "seats_sold": 5180,
      "capacity_pct": 23.1,
      "atp": 111.16,
      "programming": "Joshua Bell (1); Mahler's Resurrection (1); Mendelssohn/Barber/Sibelius (1)"
    },
    {
      "date": "2024-03-11",
      "fiscal_year": "FY24",
      "quintile": "nov-dec",
      "quintile_name": "Nov-Dec",
      "source_file": "2024.03.11Sales Report.xlsx",
      "actual_revenue": 1338386,
      "pct_budget": 114.5,
      "num_performances": 7,
      "budget": 1169000,
      "total_seats": 31116,
      "seats_sold": 21085,
      "capacity_pct": 67.8,
      "atp": 63.48,
      "programming": "Music Illuminates the Soul (1); Through the Lens (1)"
    },
    {
      "date": "2024-03-11",
      "fiscal_year": "FY24",
      "quintile": "sep-oct",
      "quintile_name": "Sep-Oct",
      "source_file": "2024.03.11Sales Report.xlsx",
      "actual_revenue": 1024941,
      "pct_budget": 98.6,
      "num_performances": 8,
      "budget": 1040000,
      "total_seats": 28506,
      "seats_sold": 14457,
      "capacity_pct": 50.7,
      "atp": 70.9,
      "programming": "The Music is Calling (1); Explore Your Imagination (1)"
    },
    {
      "date": "2024-03-15",
      "fiscal_year": "FY24",
      "quintile": "jan-feb",
      "quintile_name": "Jan-Feb",
      "source_file": "2024.03.15 Sales Report.xlsx",
      "actual_revenue": 711840,
      "pct_budget": 113.7,
      "num_performances": 7,
      "budget": 626000,
      "total_seats": 28785,
      "seats_sold": 11514,
      "capacity_pct": 40,
      "atp": 61.82,
      "programming": "Joyce DiDonato (1); Mozart VC No. 5 (1); Beethoven's Fifth (1)"
    },
    {
      "date": "2024-03-15",
      "fiscal_year": "FY24",
      "quintile": "mar-apr",
      "quintile_name": "Mar-Apr",
      "source_file": "2024.03.15 Sales Report.xlsx",
      "actual_revenue": 684103,
      "pct_budget": 92.9,
      "num_performances": 8,
      "budget": 736000,
      "total_seats": 28809,
      "seats_sold": 9638,
      "capacity_pct": 33.5,
      "atp": 70.98,
      "programming": "Joyce Yang/Tchaikovsky PC 1 (1); Matthias Pintscher/Quint (1); Bolero/Xavier Foley (1); Kahane/Beethoven PC4 (1)"
    },
    {
      "date": "2024-03-15",
      "fiscal_year": "FY24",
      "quintile": "may-jun",
      "quintile_name": "May-Jun",
      "source_file": "2024.03.15 Sales Report.xlsx",
      "actual_revenue": 585140,
      "pct_budget": 74.5,
      "num_performances": 6,
      "budget": 785000,
      "total_seats": 22454,
      "seats_sold": 5282,
      "capacity_pct": 23.5,
      "atp": 110.78,
      "programming": "Joshua Bell (1); Mahler's Resurrection (1); Mendelssohn/Barber/Sibelius (1)"
    },
    {
      "date": "2024-03-15",
      "fiscal_year": "FY24",
      "quintile": "nov-dec",
      "quintile_name": "Nov-Dec",
      "source_file": "2024.03.15 Sales Report.xlsx",
      "actual_revenue": 1338386,
      "pct_budget": 114.5,
      "num_performances": 7,
      "budget": 1169000,
      "total_seats": 31116,
      "seats_sold": 21085,
      "capacity_pct": 67.8,
      "atp": 63.48,
      "programming": "Music Illuminates the Soul (1); Through the Lens (1)"
    },
    {
      "date": "2024-03-15",
      "fiscal_year": "FY24",
      "quintile": "sep-oct",
      "quintile_name": "Sep-Oct",
      "source_file": "2024.03.15 Sales Report.xlsx",
      "actual_revenue": 1024941,
      "pct_budget": 98.6,
      "num_performances": 8,
      "budget": 1040000,
      "total_seats": 28506,
      "seats_sold": 14457,
      "capacity_pct": 50.7,
      "atp": 70.9,
      "programming": "The Music is Calling (1); Explore Your Imagination (1)"
    },
    {
      "date": "2024-03-18",
      "fiscal_year": "FY24",
      "quintile": "jan-feb",
      "quintile_name": "Jan-Feb",
      "source_file": "2024.03.18 Sales Report.xlsx",
      "actual_revenue": 711840,
      "pct_budget": 113.7,
      "num_performances": 7,
      "budget": 626000,
      "total_seats": 28785,
      "seats_sold": 11514,
      "capacity_pct": 40,
      "atp": 61.82,
      "programming": "Joyce DiDonato (1); Mozart VC No. 5 (1); Beethoven's Fifth (1)"
    },
    {
      "date": "2024-03-18",
      "fiscal_year": "FY24",
      "quintile": "mar-apr",
      "quintile_name": "Mar-Apr",
      "source_file": "2024.03.18 Sales Report.xlsx",
      "actual_revenue": 696420,
      "pct_budget": 94.6,
      "num_performances": 8,
      "budget": 736000,
      "total_seats": 28809,
      "seats_sold": 9876,
      "capacity_pct": 34.3,
      "atp": 70.52,
      "programming": "Joyce Yang/Tchaikovsky PC 1 (1); Matthias Pintscher/Quint (1); Bolero/Xavier Foley (1); Kahane/Beethoven PC4 (1)"
    },
    {
      "date": "2024-03-18",
      "fiscal_year": "FY24",
      "quintile": "may-jun",
      "quintile_name": "May-Jun",
      "source_file": "2024.03.18 Sales Report.xlsx",
      "actual_revenue": 621280,
      "pct_budget": 79.1,
      "num_performances": 6,
      "budget": 785000,
      "total_seats": 22454,
      "seats_sold": 5513,
      "capacity_pct": 24.6,
      "atp": 112.69,
      "programming": "Joshua Bell (1); Mahler's Resurrection (1); Mendelssohn/Barber/Sibelius (1)"
    },
    {
      "date": "2024-03-18",
      "fiscal_year": "FY24",
      "quintile": "nov-dec",
      "quintile_name": "Nov-Dec",
      "source_file": "2024.03.18 Sales Report.xlsx",
      "actual_revenue": 1338386,
      "pct_budget": 114.5,
      "num_performances": 7,
      "budget": 1169000,
      "total_seats": 31116,
      "seats_sold": 21085,
      "capacity_pct": 67.8,
      "atp": 63.48,
      "programming": "Music Illuminates the Soul (1); Through the Lens (1)"
    },
    {
      "date": "2024-03-18",
      "fiscal_year": "FY24",
      "quintile": "sep-oct",
      "quintile_name": "Sep-Oct",
      "source_file": "2024.03.18 Sales Report.xlsx",
      "actual_revenue": 1024941,
      "pct_budget": 98.6,
      "num_performances": 8,
      "budget": 1040000,
      "total_seats": 28506,
      "seats_sold": 14457,
      "capacity_pct": 50.7,
      "atp": 70.9,
      "programming": "The Music is Calling (1); Explore Your Imagination (1)"
    },
    {
      "date": "2024-03-19",
      "fiscal_year": "FY24",
      "quintile": "jan-feb",
      "quintile_name": "Jan-Feb",
      "source_file": "2024.03.19 Sales Report.xlsx",
      "actual_revenue": 711840,
      "pct_budget": 113.7,
      "num_performances": 7,
      "budget": 626000,
      "total_seats": 28785,
      "seats_sold": 11514,
      "capacity_pct": 40,
      "atp": 61.82,
      "programming": "Joyce DiDonato (1); Mozart VC No. 5 (1); Beethoven's Fifth (1)"
    },
    {
      "date": "2024-03-19",
      "fiscal_year": "FY24",
      "quintile": "mar-apr",
      "quintile_name": "Mar-Apr",
      "source_file": "2024.03.19 Sales Report.xlsx",
      "actual_revenue": 696420,
      "pct_budget": 94.6,
      "num_performances": 8,
      "budget": 736000,
      "total_seats": 28809,
      "seats_sold": 9876,
      "capacity_pct": 34.3,
      "atp": 70.52,
      "programming": "Joyce Yang/Tchaikovsky PC 1 (1); Matthias Pintscher/Quint (1); Bolero/Xavier Foley (1); Kahane/Beethoven PC4 (1)"
    },
    {
      "date": "2024-03-19",
      "fiscal_year": "FY24",
      "quintile": "may-jun",
      "quintile_name": "May-Jun",
      "source_file": "2024.03.19 Sales Report.xlsx",
      "actual_revenue": 621280,
      "pct_budget": 79.1,
      "num_performances": 6,
      "budget": 785000,
      "total_seats": 22454,
      "seats_sold": 5513,
      "capacity_pct": 24.6,
      "atp": 112.69,
      "programming": "Joshua Bell (1); Mahler's Resurrection (1); Mendelssohn/Barber/Sibelius (1)"
    },
    {
      "date": "2024-03-19",
      "fiscal_year": "FY24",
      "quintile": "nov-dec",
      "quintile_name": "Nov-Dec",
      "source_file": "2024.03.19 Sales Report.xlsx",
      "actual_revenue": 1338386,
      "pct_budget": 114.5,
      "num_performances": 7,
      "budget": 1169000,
      "total_seats": 31116,
      "seats_sold": 21085,
      "capacity_pct": 67.8,
      "atp": 63.48,
      "programming": "Music Illuminates the Soul (1); Through the Lens (1)"
    },
    {
      "date": "2024-03-19",
      "fiscal_year": "FY24",
      "quintile": "sep-oct",
      "quintile_name": "Sep-Oct",
      "source_file": "2024.03.19 Sales Report.xlsx",
      "actual_revenue": 1024941,
      "pct_budget": 98.6,
      "num_performances": 8,
      "budget": 1040000,
      "total_seats": 28506,
      "seats_sold": 14457,
      "capacity_pct": 50.7,
      "atp": 70.9,
      "programming": "The Music is Calling (1); Explore Your Imagination (1)"
    },
    {
      "date": "2024-03-22",
      "fiscal_year": "FY24",
      "quintile": "jan-feb",
      "quintile_name": "Jan-Feb",
      "source_file": "2024.03.22 Sales Report.xlsx",
      "actual_revenue": 711840,
      "pct_budget": 113.7,
      "num_performances": 7,
      "budget": 626000,
      "total_seats": 28785,
      "seats_sold": 11514,
      "capacity_pct": 40,
      "atp": 61.82,
      "programming": "Joyce DiDonato (1); Mozart VC No. 5 (1); Beethoven's Fifth (1)"
    },
    {
      "date": "2024-03-22",
      "fiscal_year": "FY24",
      "quintile": "mar-apr",
      "quintile_name": "Mar-Apr",
      "source_file": "2024.03.22 Sales Report.xlsx",
      "actual_revenue": 718317,
      "pct_budget": 97.6,
      "num_performances": 8,
      "budget": 736000,
      "total_seats": 28809,
      "seats_sold": 10393,
      "capacity_pct": 36.1,
      "atp": 69.12,
      "programming": "Joyce Yang/Tchaikovsky PC 1 (1); Matthias Pintscher/Quint (1); Bolero/Xavier Foley (1); Kahane/Beethoven PC4 (1)"
    },
    {
      "date": "2024-03-22",
      "fiscal_year": "FY24",
      "quintile": "may-jun",
      "quintile_name": "May-Jun",
      "source_file": "2024.03.22 Sales Report.xlsx",
      "actual_revenue": 661554,
      "pct_budget": 84.3,
      "num_performances": 6,
      "budget": 785000,
      "total_seats": 22454,
      "seats_sold": 5774,
      "capacity_pct": 25.7,
      "atp": 114.57,
      "programming": "Joshua Bell (1); Mahler's Resurrection (1); Mendelssohn/Barber/Sibelius (1)"
    },
    {
      "date": "2024-03-22",
      "fiscal_year": "FY24",
      "quintile": "nov-dec",
      "quintile_name": "Nov-Dec",
      "source_file": "2024.03.22 Sales Report.xlsx",
      "actual_revenue": 1338386,
      "pct_budget": 114.5,
      "num_performances": 7,
      "budget": 1169000,
      "total_seats": 31116,
      "seats_sold": 21085,
      "capacity_pct": 67.8,
      "atp": 63.48,
      "programming": "Music Illuminates the Soul (1); Through the Lens (1)"
    },
    {
      "date": "2024-03-22",
      "fiscal_year": "FY24",
      "quintile": "sep-oct",
      "quintile_name": "Sep-Oct",
      "source_file": "2024.03.22 Sales Report.xlsx",
      "actual_revenue": 1024941,
      "pct_budget": 98.6,
      "num_performances": 8,
      "budget": 1040000,
      "total_seats": 28506,
      "seats_sold": 14457,
      "capacity_pct": 50.7,
      "atp": 70.9,
      "programming": "The Music is Calling (1); Explore Your Imagination (1)"
    },
    {
      "date": "2024-03-29",
      "fiscal_year": "FY24",
      "quintile": "jan-feb",
      "quintile_name": "Jan-Feb",
      "source_file": "2024.03.29 Sales Report.xlsx",
      "actual_revenue": 711840,
      "pct_budget": 113.7,
      "num_performances": 7,
      "budget": 626000,
      "total_seats": 28785,
      "seats_sold": 11514,
      "capacity_pct": 40,
      "atp": 61.82,
      "programming": "Joyce DiDonato (1); Mozart VC No. 5 (1); Beethoven's Fifth (1)"
    },
    {
      "date": "2024-03-29",
      "fiscal_year": "FY24",
      "quintile": "mar-apr",
      "quintile_name": "Mar-Apr",
      "source_file": "2024.03.29 Sales Report.xlsx",
      "actual_revenue": 756031,
      "pct_budget": 102.7,
      "num_performances": 8,
      "budget": 736000,
      "total_seats": 28809,
      "seats_sold": 11088,
      "capacity_pct": 38.5,
      "atp": 68.18,
      "programming": "Joyce Yang/Tchaikovsky PC 1 (1); Matthias Pintscher/Quint (1); Bolero/Xavier Foley (1); Kahane/Beethoven PC4 (1)"
    },
    {
      "date": "2024-03-29",
      "fiscal_year": "FY24",
      "quintile": "may-jun",
      "quintile_name": "May-Jun",
      "source_file": "2024.03.29 Sales Report.xlsx",
      "actual_revenue": 695800,
      "pct_budget": 88.6,
      "num_performances": 6,
      "budget": 785000,
      "total_seats": 22454,
      "seats_sold": 6117,
      "capacity_pct": 27.2,
      "atp": 113.75,
      "programming": "Joshua Bell (1); Mahler's Resurrection (1); Mendelssohn/Barber/Sibelius (1)"
    },
    {
      "date": "2024-03-29",
      "fiscal_year": "FY24",
      "quintile": "nov-dec",
      "quintile_name": "Nov-Dec",
      "source_file": "2024.03.29 Sales Report.xlsx",
      "actual_revenue": 1338386,
      "pct_budget": 114.5,
      "num_performances": 7,
      "budget": 1169000,
      "total_seats": 31116,
      "seats_sold": 21085,
      "capacity_pct": 67.8,
      "atp": 63.48,
      "programming": "Music Illuminates the Soul (1); Through the Lens (1)"
    },
    {
      "date": "2024-03-29",
      "fiscal_year": "FY24",
      "quintile": "sep-oct",
      "quintile_name": "Sep-Oct",
      "source_file": "2024.03.29 Sales Report.xlsx",
      "actual_revenue": 1024941,
      "pct_budget": 98.6,
      "num_performances": 8,
      "budget": 1040000,
      "total_seats": 28506,
      "seats_sold": 14457,
      "capacity_pct": 50.7,
      "atp": 70.9,
      "programming": "The Music is Calling (1); Explore Your Imagination (1)"
    },
    {
      "date": "2024-04-02",
      "fiscal_year": "FY24",
      "quintile": "jan-feb",
      "quintile_name": "Jan-Feb",
      "source_file": "2024.04.02 Sales Report.xlsx",
      "actual_revenue": 711840,
      "pct_budget": 113.7,
      "num_performances": 7,
      "budget": 626000,
      "total_seats": 28785,
      "seats_sold": 11514,
      "capacity_pct": 40,
      "atp": 61.82,
      "programming": "Joyce DiDonato (1); Mozart VC No. 5 (1); Beethoven's Fifth (1)"
    },
    {
      "date": "2024-04-02",
      "fiscal_year": "FY24",
      "quintile": "mar-apr",
      "quintile_name": "Mar-Apr",
      "source_file": "2024.04.02 Sales Report.xlsx",
      "actual_revenue": 762869,
      "pct_budget": 103.7,
      "num_performances": 8,
      "budget": 736000,
      "total_seats": 28809,
      "seats_sold": 11193,
      "capacity_pct": 38.9,
      "atp": 68.16,
      "programming": "Joyce Yang/Tchaikovsky PC 1 (1); Matthias Pintscher/Quint (1); Bolero/Xavier Foley (1); Kahane/Beethoven PC4 (1)"
    },
    {
      "date": "2024-04-02",
      "fiscal_year": "FY24",
      "quintile": "may-jun",
      "quintile_name": "May-Jun",
      "source_file": "2024.04.02 Sales Report.xlsx",
      "actual_revenue": 703083,
      "pct_budget": 89.6,
      "num_performances": 6,
      "budget": 785000,
      "total_seats": 22454,
      "seats_sold": 6212,
      "capacity_pct": 27.7,
      "atp": 113.18,
      "programming": "Joshua Bell (1); Mahler's Resurrection (1); Mendelssohn/Barber/Sibelius (1)"
    },
    {
      "date": "2024-04-02",
      "fiscal_year": "FY24",
      "quintile": "nov-dec",
      "quintile_name": "Nov-Dec",
      "source_file": "2024.04.02 Sales Report.xlsx",
      "actual_revenue": 1338386,
      "pct_budget": 114.5,
      "num_performances": 7,
      "budget": 1169000,
      "total_seats": 31116,
      "seats_sold": 21085,
      "capacity_pct": 67.8,
      "atp": 63.48,
      "programming": "Music Illuminates the Soul (1); Through the Lens (1)"
    },
    {
      "date": "2024-04-02",
      "fiscal_year": "FY24",
      "quintile": "sep-oct",
      "quintile_name": "Sep-Oct",
      "source_file": "2024.04.02 Sales Report.xlsx",
      "actual_revenue": 1024941,
      "pct_budget": 98.6,
      "num_performances": 8,
      "budget": 1040000,
      "total_seats": 28506,
      "seats_sold": 14457,
      "capacity_pct": 50.7,
      "atp": 70.9,
      "programming": "The Music is Calling (1); Explore Your Imagination (1)"
    },
    {
      "date": "2024-04-05",
      "fiscal_year": "FY24",
      "quintile": "jan-feb",
      "quintile_name": "Jan-Feb",
      "source_file": "2024.04.05 Sales Report.xlsx",
      "actual_revenue": 711840,
      "pct_budget": 113.7,
      "num_performances": 7,
      "budget": 626000,
      "total_seats": 28785,
      "seats_sold": 11514,
      "capacity_pct": 40,
      "atp": 61.82,
      "programming": "Joyce DiDonato (1); Mozart VC No. 5 (1); Beethoven's Fifth (1)"
    },
    {
      "date": "2024-04-05",
      "fiscal_year": "FY24",
      "quintile": "mar-apr",
      "quintile_name": "Mar-Apr",
      "source_file": "2024.04.05 Sales Report.xlsx",
      "actual_revenue": 784820,
      "pct_budget": 106.6,
      "num_performances": 8,
      "budget": 736000,
      "total_seats": 28809,
      "seats_sold": 11568,
      "capacity_pct": 40.2,
      "atp": 67.84,
      "programming": "Joyce Yang/Tchaikovsky PC 1 (1); Matthias Pintscher/Quint (1); Bolero/Xavier Foley (1); Kahane/Beethoven PC4 (1)"
    },
    {
      "date": "2024-04-05",
      "fiscal_year": "FY24",
      "quintile": "may-jun",
      "quintile_name": "May-Jun",
      "source_file": "2024.04.05 Sales Report.xlsx",
      "actual_revenue": 728322,
      "pct_budget": 92.8,
      "num_performances": 6,
      "budget": 785000,
      "total_seats": 22454,
      "seats_sold": 6398,
      "capacity_pct": 28.5,
      "atp": 113.84,
      "programming": "Joshua Bell (1); Mahler's Resurrection (1); Mendelssohn/Barber/Sibelius (1)"
    },
    {
      "date": "2024-04-05",
      "fiscal_year": "FY24",
      "quintile": "nov-dec",
      "quintile_name": "Nov-Dec",
      "source_file": "2024.04.05 Sales Report.xlsx",
      "actual_revenue": 1338386,
      "pct_budget": 114.5,
      "num_performances": 7,
      "budget": 1169000,
      "total_seats": 31116,
      "seats_sold": 21085,
      "capacity_pct": 67.8,
      "atp": 63.48,
      "programming": "Music Illuminates the Soul (1); Through the Lens (1)"
    },
    {
      "date": "2024-04-05",
      "fiscal_year": "FY24",
      "quintile": "sep-oct",
      "quintile_name": "Sep-Oct",
      "source_file": "2024.04.05 Sales Report.xlsx",
      "actual_revenue": 1024941,
      "pct_budget": 98.6,
      "num_performances": 8,
      "budget": 1040000,
      "total_seats": 28506,
      "seats_sold": 14457,
      "capacity_pct": 50.7,
      "atp": 70.9,
      "programming": "The Music is Calling (1); Explore Your Imagination (1)"
    },
    {
      "date": "2024-04-08",
      "fiscal_year": "FY24",
      "quintile": "jan-feb",
      "quintile_name": "Jan-Feb",
      "source_file": "2024.04.08 Sales Report.xlsx",
      "actual_revenue": 711840,
      "pct_budget": 113.7,
      "num_performances": 7,
      "budget": 626000,
      "total_seats": 28785,
      "seats_sold": 11514,
      "capacity_pct": 40,
      "atp": 61.82,
      "programming": "Joyce DiDonato (1); Mozart VC No. 5 (1); Beethoven's Fifth (1)"
    },
    {
      "date": "2024-04-08",
      "fiscal_year": "FY24",
      "quintile": "mar-apr",
      "quintile_name": "Mar-Apr",
      "source_file": "2024.04.08 Sales Report.xlsx",
      "actual_revenue": 801117,
      "pct_budget": 108.8,
      "num_performances": 8,
      "budget": 736000,
      "total_seats": 28809,
      "seats_sold": 11900,
      "capacity_pct": 41.3,
      "atp": 67.32,
      "programming": "Joyce Yang/Tchaikovsky PC 1 (1); Matthias Pintscher/Quint (1); Bolero/Xavier Foley (1); Kahane/Beethoven PC4 (1)"
    },
    {
      "date": "2024-04-08",
      "fiscal_year": "FY24",
      "quintile": "may-jun",
      "quintile_name": "May-Jun",
      "source_file": "2024.04.08 Sales Report.xlsx",
      "actual_revenue": 736104,
      "pct_budget": 93.8,
      "num_performances": 6,
      "budget": 785000,
      "total_seats": 22454,
      "seats_sold": 6491,
      "capacity_pct": 28.9,
      "atp": 113.4,
      "programming": "Joshua Bell (1); Mahler's Resurrection (1); Mendelssohn/Barber/Sibelius (1)"
    },
    {
      "date": "2024-04-08",
      "fiscal_year": "FY24",
      "quintile": "nov-dec",
      "quintile_name": "Nov-Dec",
      "source_file": "2024.04.08 Sales Report.xlsx",
      "actual_revenue": 1338386,
      "pct_budget": 114.5,
      "num_performances": 7,
      "budget": 1169000,
      "total_seats": 31116,
      "seats_sold": 21085,
      "capacity_pct": 67.8,
      "atp": 63.48,
      "programming": "Music Illuminates the Soul (1); Through the Lens (1)"
    },
    {
      "date": "2024-04-08",
      "fiscal_year": "FY24",
      "quintile": "sep-oct",
      "quintile_name": "Sep-Oct",
      "source_file": "2024.04.08 Sales Report.xlsx",
      "actual_revenue": 1024941,
      "pct_budget": 98.6,
      "num_performances": 8,
      "budget": 1040000,
      "total_seats": 28506,
      "seats_sold": 14457,
      "capacity_pct": 50.7,
      "atp": 70.9,
      "programming": "The Music is Calling (1); Explore Your Imagination (1)"
    },
    {
      "date": "2024-04-12",
      "fiscal_year": "FY24",
      "quintile": "jan-feb",
      "quintile_name": "Jan-Feb",
      "source_file": "2024.04.12 Sales Report.xlsx",
      "actual_revenue": 711840,
      "pct_budget": 113.7,
      "num_performances": 7,
      "budget": 626000,
      "total_seats": 28785,
      "seats_sold": 11514,
      "capacity_pct": 40,
      "atp": 61.82,
      "programming": "Joyce DiDonato (1); Mozart VC No. 5 (1); Beethoven's Fifth (1)"
    },
    {
      "date": "2024-04-12",
      "fiscal_year": "FY24",
      "quintile": "mar-apr",
      "quintile_name": "Mar-Apr",
      "source_file": "2024.04.12 Sales Report.xlsx",
      "actual_revenue": 817267,
      "pct_budget": 111,
      "num_performances": 8,
      "budget": 736000,
      "total_seats": 28809,
      "seats_sold": 12133,
      "capacity_pct": 42.1,
      "atp": 67.36,
      "programming": "Joyce Yang/Tchaikovsky PC 1 (1); Matthias Pintscher/Quint (1); Bolero/Xavier Foley (1); Kahane/Beethoven PC4 (1)"
    },
    {
      "date": "2024-04-12",
      "fiscal_year": "FY24",
      "quintile": "may-jun",
      "quintile_name": "May-Jun",
      "source_file": "2024.04.12 Sales Report.xlsx",
      "actual_revenue": 741338,
      "pct_budget": 94.4,
      "num_performances": 6,
      "budget": 785000,
      "total_seats": 22454,
      "seats_sold": 6660,
      "capacity_pct": 29.7,
      "atp": 111.31,
      "programming": "Joshua Bell (1); Mahler's Resurrection (1); Mendelssohn/Barber/Sibelius (1)"
    },
    {
      "date": "2024-04-12",
      "fiscal_year": "FY24",
      "quintile": "nov-dec",
      "quintile_name": "Nov-Dec",
      "source_file": "2024.04.12 Sales Report.xlsx",
      "actual_revenue": 1338386,
      "pct_budget": 114.5,
      "num_performances": 7,
      "budget": 1169000,
      "total_seats": 31116,
      "seats_sold": 21085,
      "capacity_pct": 67.8,
      "atp": 63.48,
      "programming": "Music Illuminates the Soul (1); Through the Lens (1)"
    },
    {
      "date": "2024-04-12",
      "fiscal_year": "FY24",
      "quintile": "sep-oct",
      "quintile_name": "Sep-Oct",
      "source_file": "2024.04.12 Sales Report.xlsx",
      "actual_revenue": 1024941,
      "pct_budget": 98.6,
      "num_performances": 8,
      "budget": 1040000,
      "total_seats": 28506,
      "seats_sold": 14457,
      "capacity_pct": 50.7,
      "atp": 70.9,
      "programming": "The Music is Calling (1); Explore Your Imagination (1)"
    },
    {
      "date": "2024-04-15",
      "fiscal_year": "FY24",
      "quintile": "jan-feb",
      "quintile_name": "Jan-Feb",
      "source_file": "2024.04.15 Sales Report.xlsx",
      "actual_revenue": 711840,
      "pct_budget": 113.7,
      "num_performances": 7,
      "budget": 626000,
      "total_seats": 28785,
      "seats_sold": 11514,
      "capacity_pct": 40,
      "atp": 61.82,
      "programming": "Joyce DiDonato (1); Mozart VC No. 5 (1); Beethoven's Fifth (1)"
    },
    {
      "date": "2024-04-15",
      "fiscal_year": "FY24",
      "quintile": "mar-apr",
      "quintile_name": "Mar-Apr",
      "source_file": "2024.04.15 Sales Report.xlsx",
      "actual_revenue": 825072,
      "pct_budget": 112.1,
      "num_performances": 8,
      "budget": 736000,
      "total_seats": 28809,
      "seats_sold": 12251,
      "capacity_pct": 42.5,
      "atp": 67.35,
      "programming": "Joyce Yang/Tchaikovsky PC 1 (1); Matthias Pintscher/Quint (1); Bolero/Xavier Foley (1); Kahane/Beethoven PC4 (1)"
    },
    {
      "date": "2024-04-15",
      "fiscal_year": "FY24",
      "quintile": "may-jun",
      "quintile_name": "May-Jun",
      "source_file": "2024.04.15 Sales Report.xlsx",
      "actual_revenue": 750189,
      "pct_budget": 95.6,
      "num_performances": 6,
      "budget": 785000,
      "total_seats": 22454,
      "seats_sold": 6781,
      "capacity_pct": 30.2,
      "atp": 110.63,
      "programming": "Joshua Bell (1); Mahler's Resurrection (1); Mendelssohn/Barber/Sibelius (1)"
    },
    {
      "date": "2024-04-15",
      "fiscal_year": "FY24",
      "quintile": "nov-dec",
      "quintile_name": "Nov-Dec",
      "source_file": "2024.04.15 Sales Report.xlsx",
      "actual_revenue": 1338386,
      "pct_budget": 114.5,
      "num_performances": 7,
      "budget": 1169000,
      "total_seats": 31116,
      "seats_sold": 21085,
      "capacity_pct": 67.8,
      "atp": 63.48,
      "programming": "Music Illuminates the Soul (1); Through the Lens (1)"
    },
    {
      "date": "2024-04-15",
      "fiscal_year": "FY24",
      "quintile": "sep-oct",
      "quintile_name": "Sep-Oct",
      "source_file": "2024.04.15 Sales Report.xlsx",
      "actual_revenue": 1024941,
      "pct_budget": 98.6,
      "num_performances": 8,
      "budget": 1040000,
      "total_seats": 28506,
      "seats_sold": 14457,
      "capacity_pct": 50.7,
      "atp": 70.9,
      "programming": "The Music is Calling (1); Explore Your Imagination (1)"
    },
    {
      "date": "2024-04-19",
      "fiscal_year": "FY24",
      "quintile": "jan-feb",
      "quintile_name": "Jan-Feb",
      "source_file": "2024.04.19 Sales Report.xlsx",
      "actual_revenue": 711840,
      "pct_budget": 113.7,
      "num_performances": 7,
      "budget": 626000,
      "total_seats": 28785,
      "seats_sold": 11514,
      "capacity_pct": 40,
      "atp": 61.82,
      "programming": "Joyce DiDonato (1); Mozart VC No. 5 (1); Beethoven's Fifth (1)"
    },
    {
      "date": "2024-04-19",
      "fiscal_year": "FY24",
      "quintile": "mar-apr",
      "quintile_name": "Mar-Apr",
      "source_file": "2024.04.19 Sales Report.xlsx",
      "actual_revenue": 835727,
      "pct_budget": 113.5,
      "num_performances": 8,
      "budget": 736000,
      "total_seats": 28809,
      "seats_sold": 12473,
      "capacity_pct": 43.3,
      "atp": 67,
      "programming": "Joyce Yang/Tchaikovsky PC 1 (1); Matthias Pintscher/Quint (1); Bolero/Xavier Foley (1); Kahane/Beethoven PC4 (1)"
    },
    {
      "date": "2024-04-19",
      "fiscal_year": "FY24",
      "quintile": "may-jun",
      "quintile_name": "May-Jun",
      "source_file": "2024.04.19 Sales Report.xlsx",
      "actual_revenue": 759272,
      "pct_budget": 96.7,
      "num_performances": 6,
      "budget": 785000,
      "total_seats": 22454,
      "seats_sold": 6904,
      "capacity_pct": 30.7,
      "atp": 109.98,
      "programming": "Joshua Bell (1); Mahler's Resurrection (1); Mendelssohn/Barber/Sibelius (1)"
    },
    {
      "date": "2024-04-19",
      "fiscal_year": "FY24",
      "quintile": "nov-dec",
      "quintile_name": "Nov-Dec",
      "source_file": "2024.04.19 Sales Report.xlsx",
      "actual_revenue": 1338386,
      "pct_budget": 114.5,
      "num_performances": 7,
      "budget": 1169000,
      "total_seats": 31116,
      "seats_sold": 21085,
      "capacity_pct": 67.8,
      "atp": 63.48,
      "programming": "Music Illuminates the Soul (1); Through the Lens (1)"
    },
    {
      "date": "2024-04-19",
      "fiscal_year": "FY24",
      "quintile": "sep-oct",
      "quintile_name": "Sep-Oct",
      "source_file": "2024.04.19 Sales Report.xlsx",
      "actual_revenue": 1024941,
      "pct_budget": 98.6,
      "num_performances": 8,
      "budget": 1040000,
      "total_seats": 28506,
      "seats_sold": 14457,
      "capacity_pct": 50.7,
      "atp": 70.9,
      "programming": "The Music is Calling (1); Explore Your Imagination (1)"
    },
    {
      "date": "2024-04-26",
      "fiscal_year": "FY24",
      "quintile": "jan-feb",
      "quintile_name": "Jan-Feb",
      "source_file": "2024.04.26 Sales Report.xlsx",
      "actual_revenue": 711840,
      "pct_budget": 113.7,
      "num_performances": 7,
      "budget": 626000,
      "total_seats": 28785,
      "seats_sold": 11514,
      "capacity_pct": 40,
      "atp": 61.82,
      "programming": "Joyce DiDonato (1); Mozart VC No. 5 (1); Beethoven's Fifth (1)"
    },
    {
      "date": "2024-04-26",
      "fiscal_year": "FY24",
      "quintile": "mar-apr",
      "quintile_name": "Mar-Apr",
      "source_file": "2024.04.26 Sales Report.xlsx",
      "actual_revenue": 845599,
      "pct_budget": 114.9,
      "num_performances": 8,
      "budget": 736000,
      "total_seats": 28809,
      "seats_sold": 12690,
      "capacity_pct": 44,
      "atp": 66.64,
      "programming": "Joyce Yang/Tchaikovsky PC 1 (1); Matthias Pintscher/Quint (1); Bolero/Xavier Foley (1); Kahane/Beethoven PC4 (1)"
    },
    {
      "date": "2024-04-26",
      "fiscal_year": "FY24",
      "quintile": "may-jun",
      "quintile_name": "May-Jun",
      "source_file": "2024.04.26 Sales Report.xlsx",
      "actual_revenue": 774482,
      "pct_budget": 98.7,
      "num_performances": 6,
      "budget": 785000,
      "total_seats": 22454,
      "seats_sold": 7132,
      "capacity_pct": 31.8,
      "atp": 108.59,
      "programming": "Joshua Bell (1); Mahler's Resurrection (1); Mendelssohn/Barber/Sibelius (1)"
    },
    {
      "date": "2024-04-26",
      "fiscal_year": "FY24",
      "quintile": "nov-dec",
      "quintile_name": "Nov-Dec",
      "source_file": "2024.04.26 Sales Report.xlsx",
      "actual_revenue": 1338386,
      "pct_budget": 114.5,
      "num_performances": 7,
      "budget": 1169000,
      "total_seats": 31116,
      "seats_sold": 21085,
      "capacity_pct": 67.8,
      "atp": 63.48,
      "programming": "Music Illuminates the Soul (1); Through the Lens (1)"
    },
    {
      "date": "2024-04-26",
      "fiscal_year": "FY24",
      "quintile": "sep-oct",
      "quintile_name": "Sep-Oct",
      "source_file": "2024.04.26 Sales Report.xlsx",
      "actual_revenue": 1024941,
      "pct_budget": 98.6,
      "num_performances": 8,
      "budget": 1040000,
      "total_seats": 28506,
      "seats_sold": 14457,
      "capacity_pct": 50.7,
      "atp": 70.9,
      "programming": "The Music is Calling (1); Explore Your Imagination (1)"
    },
    {
      "date": "2024-04-29",
      "fiscal_year": "FY24",
      "quintile": "jan-feb",
      "quintile_name": "Jan-Feb",
      "source_file": "2024.04.29 Sales Report.xlsx",
      "actual_revenue": 711840,
      "pct_budget": 113.7,
      "num_performances": 7,
      "budget": 626000,
      "total_seats": 28785,
      "seats_sold": 11514,
      "capacity_pct": 40,
      "atp": 61.82,
      "programming": "Joyce DiDonato (1); Mozart VC No. 5 (1); Beethoven's Fifth (1)"
    },
    {
      "date": "2024-04-29",
      "fiscal_year": "FY24",
      "quintile": "mar-apr",
      "quintile_name": "Mar-Apr",
      "source_file": "2024.04.29 Sales Report.xlsx",
      "actual_revenue": 845599,
      "pct_budget": 114.9,
      "num_performances": 8,
      "budget": 736000,
      "total_seats": 28809,
      "seats_sold": 12690,
      "capacity_pct": 44,
      "atp": 66.64,
      "programming": "Joyce Yang/Tchaikovsky PC 1 (1); Matthias Pintscher/Quint (1); Bolero/Xavier Foley (1); Kahane/Beethoven PC4 (1)"
    },
    {
      "date": "2024-04-29",
      "fiscal_year": "FY24",
      "quintile": "may-jun",
      "quintile_name": "May-Jun",
      "source_file": "2024.04.29 Sales Report.xlsx",
      "actual_revenue": 789495,
      "pct_budget": 100.6,
      "num_performances": 6,
      "budget": 785000,
      "total_seats": 22454,
      "seats_sold": 7356,
      "capacity_pct": 32.8,
      "atp": 107.33,
      "programming": "Joshua Bell (1); Mahler's Resurrection (1); Mendelssohn/Barber/Sibelius (1)"
    },
    {
      "date": "2024-04-29",
      "fiscal_year": "FY24",
      "quintile": "nov-dec",
      "quintile_name": "Nov-Dec",
      "source_file": "2024.04.29 Sales Report.xlsx",
      "actual_revenue": 1338386,
      "pct_budget": 114.5,
      "num_performances": 7,
      "budget": 1169000,
      "total_seats": 31116,
      "seats_sold": 21085,
      "capacity_pct": 67.8,
      "atp": 63.48,
      "programming": "Music Illuminates the Soul (1); Through the Lens (1)"
    },
    {
      "date": "2024-04-29",
      "fiscal_year": "FY24",
      "quintile": "sep-oct",
      "quintile_name": "Sep-Oct",
      "source_file": "2024.04.29 Sales Report.xlsx",
      "actual_revenue": 1024941,
      "pct_budget": 98.6,
      "num_performances": 8,
      "budget": 1040000,
      "total_seats": 28506,
      "seats_sold": 14457,
      "capacity_pct": 50.7,
      "atp": 70.9,
      "programming": "The Music is Calling (1); Explore Your Imagination (1)"
    },
    {
      "date": "2024-05-03",
      "fiscal_year": "FY24",
      "quintile": "jan-feb",
      "quintile_name": "Jan-Feb",
      "source_file": "2024.05.03 Sales Report.xlsx",
      "actual_revenue": 711840,
      "pct_budget": 113.7,
      "num_performances": 7,
      "budget": 626000,
      "total_seats": 28785,
      "seats_sold": 11514,
      "capacity_pct": 40,
      "atp": 61.82,
      "programming": "Joyce DiDonato (1); Mozart VC No. 5 (1); Beethoven's Fifth (1)"
    },
    {
      "date": "2024-05-03",
      "fiscal_year": "FY24",
      "quintile": "mar-apr",
      "quintile_name": "Mar-Apr",
      "source_file": "2024.05.03 Sales Report.xlsx",
      "actual_revenue": 845599,
      "pct_budget": 114.9,
      "num_performances": 8,
      "budget": 736000,
      "total_seats": 28809,
      "seats_sold": 12690,
      "capacity_pct": 44,
      "atp": 66.64,
      "programming": "Joyce Yang/Tchaikovsky PC 1 (1); Matthias Pintscher/Quint (1); Bolero/Xavier Foley (1); Kahane/Beethoven PC4 (1)"
    },
    {
      "date": "2024-05-03",
      "fiscal_year": "FY24",
      "quintile": "may-jun",
      "quintile_name": "May-Jun",
      "source_file": "2024.05.03 Sales Report.xlsx",
      "actual_revenue": 821441,
      "pct_budget": 104.6,
      "num_performances": 6,
      "budget": 785000,
      "total_seats": 22454,
      "seats_sold": 7852,
      "capacity_pct": 35,
      "atp": 104.62,
      "programming": "Joshua Bell (1); Mahler's Resurrection (1); Mendelssohn/Barber/Sibelius (1)"
    },
    {
      "date": "2024-05-03",
      "fiscal_year": "FY24",
      "quintile": "nov-dec",
      "quintile_name": "Nov-Dec",
      "source_file": "2024.05.03 Sales Report.xlsx",
      "actual_revenue": 1338386,
      "pct_budget": 114.5,
      "num_performances": 7,
      "budget": 1169000,
      "total_seats": 31116,
      "seats_sold": 21085,
      "capacity_pct": 67.8,
      "atp": 63.48,
      "programming": "Music Illuminates the Soul (1); Through the Lens (1)"
    },
    {
      "date": "2024-05-03",
      "fiscal_year": "FY24",
      "quintile": "sep-oct",
      "quintile_name": "Sep-Oct",
      "source_file": "2024.05.03 Sales Report.xlsx",
      "actual_revenue": 1024941,
      "pct_budget": 98.6,
      "num_performances": 8,
      "budget": 1040000,
      "total_seats": 28506,
      "seats_sold": 14457,
      "capacity_pct": 50.7,
      "atp": 70.9,
      "programming": "The Music is Calling (1); Explore Your Imagination (1)"
    },
    {
      "date": "2024-05-06",
      "fiscal_year": "FY24",
      "quintile": "jan-feb",
      "quintile_name": "Jan-Feb",
      "source_file": "2024.05.06 Sales Report.xlsx",
      "actual_revenue": 711840,
      "pct_budget": 113.7,
      "num_performances": 7,
      "budget": 626000,
      "total_seats": 28785,
      "seats_sold": 11514,
      "capacity_pct": 40,
      "atp": 61.82,
      "programming": "Joyce DiDonato (1); Mozart VC No. 5 (1); Beethoven's Fifth (1)"
    },
    {
      "date": "2024-05-06",
      "fiscal_year": "FY24",
      "quintile": "mar-apr",
      "quintile_name": "Mar-Apr",
      "source_file": "2024.05.06 Sales Report.xlsx",
      "actual_revenue": 845599,
      "pct_budget": 114.9,
      "num_performances": 8,
      "budget": 736000,
      "total_seats": 28809,
      "seats_sold": 12690,
      "capacity_pct": 44,
      "atp": 66.64,
      "programming": "Joyce Yang/Tchaikovsky PC 1 (1); Matthias Pintscher/Quint (1); Bolero/Xavier Foley (1); Kahane/Beethoven PC4 (1)"
    },
    {
      "date": "2024-05-06",
      "fiscal_year": "FY24",
      "quintile": "may-jun",
      "quintile_name": "May-Jun",
      "source_file": "2024.05.06 Sales Report.xlsx",
      "actual_revenue": 835562,
      "pct_budget": 106.4,
      "num_performances": 6,
      "budget": 785000,
      "total_seats": 22001,
      "seats_sold": 8066,
      "capacity_pct": 36.7,
      "atp": 103.59,
      "programming": "Joshua Bell (1); Mahler's Resurrection (1); Mendelssohn/Barber/Sibelius (1)"
    },
    {
      "date": "2024-05-06",
      "fiscal_year": "FY24",
      "quintile": "nov-dec",
      "quintile_name": "Nov-Dec",
      "source_file": "2024.05.06 Sales Report.xlsx",
      "actual_revenue": 1338386,
      "pct_budget": 114.5,
      "num_performances": 7,
      "budget": 1169000,
      "total_seats": 31116,
      "seats_sold": 21085,
      "capacity_pct": 67.8,
      "atp": 63.48,
      "programming": "Music Illuminates the Soul (1); Through the Lens (1)"
    },
    {
      "date": "2024-05-06",
      "fiscal_year": "FY24",
      "quintile": "sep-oct",
      "quintile_name": "Sep-Oct",
      "source_file": "2024.05.06 Sales Report.xlsx",
      "actual_revenue": 1024941,
      "pct_budget": 98.6,
      "num_performances": 8,
      "budget": 1040000,
      "total_seats": 28506,
      "seats_sold": 14457,
      "capacity_pct": 50.7,
      "atp": 70.9,
      "programming": "The Music is Calling (1); Explore Your Imagination (1)"
    },
    {
      "date": "2024-05-10",
      "fiscal_year": "FY24",
      "quintile": "jan-feb",
      "quintile_name": "Jan-Feb",
      "source_file": "2024.05.10 Sales Report.xlsx",
      "actual_revenue": 711840,
      "pct_budget": 113.7,
      "num_performances": 7,
      "budget": 626000,
      "total_seats": 28785,
      "seats_sold": 11514,
      "capacity_pct": 40,
      "atp": 61.82,
      "programming": "Joyce DiDonato (1); Mozart VC No. 5 (1); Beethoven's Fifth (1)"
    },
    {
      "date": "2024-05-10",
      "fiscal_year": "FY24",
      "quintile": "mar-apr",
      "quintile_name": "Mar-Apr",
      "source_file": "2024.05.10 Sales Report.xlsx",
      "actual_revenue": 845599,
      "pct_budget": 114.9,
      "num_performances": 8,
      "budget": 736000,
      "total_seats": 28809,
      "seats_sold": 12690,
      "capacity_pct": 44,
      "atp": 66.64,
      "programming": "Joyce Yang/Tchaikovsky PC 1 (1); Matthias Pintscher/Quint (1); Bolero/Xavier Foley (1); Kahane/Beethoven PC4 (1)"
    },
    {
      "date": "2024-05-10",
      "fiscal_year": "FY24",
      "quintile": "may-jun",
      "quintile_name": "May-Jun",
      "source_file": "2024.05.10 Sales Report.xlsx",
      "actual_revenue": 858168,
      "pct_budget": 109.3,
      "num_performances": 6,
      "budget": 785000,
      "total_seats": 22001,
      "seats_sold": 8412,
      "capacity_pct": 38.2,
      "atp": 102.02,
      "programming": "Joshua Bell (1); Mahler's Resurrection (1); Mendelssohn/Barber/Sibelius (1)"
    },
    {
      "date": "2024-05-10",
      "fiscal_year": "FY24",
      "quintile": "nov-dec",
      "quintile_name": "Nov-Dec",
      "source_file": "2024.05.10 Sales Report.xlsx",
      "actual_revenue": 1338386,
      "pct_budget": 114.5,
      "num_performances": 7,
      "budget": 1169000,
      "total_seats": 31116,
      "seats_sold": 21085,
      "capacity_pct": 67.8,
      "atp": 63.48,
      "programming": "Music Illuminates the Soul (1); Through the Lens (1)"
    },
    {
      "date": "2024-05-10",
      "fiscal_year": "FY24",
      "quintile": "sep-oct",
      "quintile_name": "Sep-Oct",
      "source_file": "2024.05.10 Sales Report.xlsx",
      "actual_revenue": 1024941,
      "pct_budget": 98.6,
      "num_performances": 8,
      "budget": 1040000,
      "total_seats": 28506,
      "seats_sold": 14457,
      "capacity_pct": 50.7,
      "atp": 70.9,
      "programming": "The Music is Calling (1); Explore Your Imagination (1)"
    },
    {
      "date": "2024-05-13",
      "fiscal_year": "FY24",
      "quintile": "jan-feb",
      "quintile_name": "Jan-Feb",
      "source_file": "2024.05.13 Sales Report.xlsx",
      "actual_revenue": 711840,
      "pct_budget": 113.7,
      "num_performances": 7,
      "budget": 626000,
      "total_seats": 28785,
      "seats_sold": 11514,
      "capacity_pct": 40,
      "atp": 61.82,
      "programming": "Joyce DiDonato (1); Mozart VC No. 5 (1); Beethoven's Fifth (1)"
    },
    {
      "date": "2024-05-13",
      "fiscal_year": "FY24",
      "quintile": "mar-apr",
      "quintile_name": "Mar-Apr",
      "source_file": "2024.05.13 Sales Report.xlsx",
      "actual_revenue": 845599,
      "pct_budget": 114.9,
      "num_performances": 8,
      "budget": 736000,
      "total_seats": 28809,
      "seats_sold": 12690,
      "capacity_pct": 44,
      "atp": 66.64,
      "programming": "Joyce Yang/Tchaikovsky PC 1 (1); Matthias Pintscher/Quint (1); Bolero/Xavier Foley (1); Kahane/Beethoven PC4 (1)"
    },
    {
      "date": "2024-05-13",
      "fiscal_year": "FY24",
      "quintile": "may-jun",
      "quintile_name": "May-Jun",
      "source_file": "2024.05.13 Sales Report.xlsx",
      "actual_revenue": 871761,
      "pct_budget": 111.1,
      "num_performances": 6,
      "budget": 785000,
      "total_seats": 22001,
      "seats_sold": 8641,
      "capacity_pct": 39.3,
      "atp": 100.89,
      "programming": "Joshua Bell (1); Mahler's Resurrection (1); Mendelssohn/Barber/Sibelius (1)"
    },
    {
      "date": "2024-05-13",
      "fiscal_year": "FY24",
      "quintile": "nov-dec",
      "quintile_name": "Nov-Dec",
      "source_file": "2024.05.13 Sales Report.xlsx",
      "actual_revenue": 1338386,
      "pct_budget": 114.5,
      "num_performances": 7,
      "budget": 1169000,
      "total_seats": 31116,
      "seats_sold": 21085,
      "capacity_pct": 67.8,
      "atp": 63.48,
      "programming": "Music Illuminates the Soul (1); Through the Lens (1)"
    },
    {
      "date": "2024-05-13",
      "fiscal_year": "FY24",
      "quintile": "sep-oct",
      "quintile_name": "Sep-Oct",
      "source_file": "2024.05.13 Sales Report.xlsx",
      "actual_revenue": 1024941,
      "pct_budget": 98.6,
      "num_performances": 8,
      "budget": 1040000,
      "total_seats": 28506,
      "seats_sold": 14457,
      "capacity_pct": 50.7,
      "atp": 70.9,
      "programming": "The Music is Calling (1); Explore Your Imagination (1)"
    },
    {
      "date": "2024-05-31",
      "fiscal_year": "FY24",
      "quintile": "jan-feb",
      "quintile_name": "Jan-Feb",
      "source_file": "2024.05.31 Sales Report.xlsx",
      "actual_revenue": 711840,
      "pct_budget": 113.7,
      "num_performances": 7,
      "budget": 626000,
      "total_seats": 28785,
      "seats_sold": 11514,
      "capacity_pct": 40,
      "atp": 61.82,
      "programming": "Joyce DiDonato (1); Mozart VC No. 5 (1); Beethoven's Fifth (1)"
    },
    {
      "date": "2024-05-31",
      "fiscal_year": "FY24",
      "quintile": "mar-apr",
      "quintile_name": "Mar-Apr",
      "source_file": "2024.05.31 Sales Report.xlsx",
      "actual_revenue": 845599,
      "pct_budget": 114.9,
      "num_performances": 8,
      "budget": 736000,
      "total_seats": 28809,
      "seats_sold": 12690,
      "capacity_pct": 44,
      "atp": 66.64,
      "programming": "Joyce Yang/Tchaikovsky PC 1 (1); Matthias Pintscher/Quint (1); Bolero/Xavier Foley (1); Kahane/Beethoven PC4 (1)"
    },
    {
      "date": "2024-05-31",
      "fiscal_year": "FY24",
      "quintile": "may-jun",
      "quintile_name": "May-Jun",
      "source_file": "2024.05.31 Sales Report.xlsx",
      "actual_revenue": 946919,
      "pct_budget": 120.6,
      "num_performances": 6,
      "budget": 785000,
      "total_seats": 22001,
      "seats_sold": 9773,
      "capacity_pct": 44.4,
      "atp": 96.89,
      "programming": "Joshua Bell (1); Mahler's Resurrection (1); Mendelssohn/Barber/Sibelius (1)"
    },
    {
      "date": "2024-05-31",
      "fiscal_year": "FY24",
      "quintile": "nov-dec",
      "quintile_name": "Nov-Dec",
      "source_file": "2024.05.31 Sales Report.xlsx",
      "actual_revenue": 1338386,
      "pct_budget": 114.5,
      "num_performances": 7,
      "budget": 1169000,
      "total_seats": 31116,
      "seats_sold": 21085,
      "capacity_pct": 67.8,
      "atp": 63.48,
      "programming": "Music Illuminates the Soul (1); Through the Lens (1)"
    },
    {
      "date": "2024-05-31",
      "fiscal_year": "FY24",
      "quintile": "sep-oct",
      "quintile_name": "Sep-Oct",
      "source_file": "2024.05.31 Sales Report.xlsx",
      "actual_revenue": 1024941,
      "pct_budget": 98.6,
      "num_performances": 8,
      "budget": 1040000,
      "total_seats": 28506,
      "seats_sold": 14457,
      "capacity_pct": 50.7,
      "atp": 70.9,
      "programming": "The Music is Calling (1); Explore Your Imagination (1)"
    },
    {
      "date": "2024-06-03",
      "fiscal_year": "FY24",
      "quintile": "jan-feb",
      "quintile_name": "Jan-Feb",
      "source_file": "2024.06.03 Sales Report.xlsx",
      "actual_revenue": 711840,
      "pct_budget": 113.7,
      "num_performances": 7,
      "budget": 626000,
      "total_seats": 28785,
      "seats_sold": 11514,
      "capacity_pct": 40,
      "atp": 61.82,
      "programming": "Joyce DiDonato (1); Mozart VC No. 5 (1); Beethoven's Fifth (1)"
    },
    {
      "date": "2024-06-03",
      "fiscal_year": "FY24",
      "quintile": "mar-apr",
      "quintile_name": "Mar-Apr",
      "source_file": "2024.06.03 Sales Report.xlsx",
      "actual_revenue": 845599,
      "pct_budget": 114.9,
      "num_performances": 8,
      "budget": 736000,
      "total_seats": 28809,
      "seats_sold": 12690,
      "capacity_pct": 44,
      "atp": 66.64,
      "programming": "Joyce Yang/Tchaikovsky PC 1 (1); Matthias Pintscher/Quint (1); Bolero/Xavier Foley (1); Kahane/Beethoven PC4 (1)"
    },
    {
      "date": "2024-06-03",
      "fiscal_year": "FY24",
      "quintile": "may-jun",
      "quintile_name": "May-Jun",
      "source_file": "2024.06.03 Sales Report.xlsx",
      "actual_revenue": 962527,
      "pct_budget": 122.6,
      "num_performances": 6,
      "budget": 785000,
      "total_seats": 22001,
      "seats_sold": 10087,
      "capacity_pct": 45.8,
      "atp": 95.42,
      "programming": "Joshua Bell (1); Mahler's Resurrection (1); Mendelssohn/Barber/Sibelius (1)"
    },
    {
      "date": "2024-06-03",
      "fiscal_year": "FY24",
      "quintile": "nov-dec",
      "quintile_name": "Nov-Dec",
      "source_file": "2024.06.03 Sales Report.xlsx",
      "actual_revenue": 1338386,
      "pct_budget": 114.5,
      "num_performances": 7,
      "budget": 1169000,
      "total_seats": 31116,
      "seats_sold": 21085,
      "capacity_pct": 67.8,
      "atp": 63.48,
      "programming": "Music Illuminates the Soul (1); Through the Lens (1)"
    },
    {
      "date": "2024-06-03",
      "fiscal_year": "FY24",
      "quintile": "sep-oct",
      "quintile_name": "Sep-Oct",
      "source_file": "2024.06.03 Sales Report.xlsx",
      "actual_revenue": 1024941,
      "pct_budget": 98.6,
      "num_performances": 8,
      "budget": 1040000,
      "total_seats": 28506,
      "seats_sold": 14457,
      "capacity_pct": 50.7,
      "atp": 70.9,
      "programming": "The Music is Calling (1); Explore Your Imagination (1)"
    },
    {
      "date": "2024-06-07",
      "fiscal_year": "FY24",
      "quintile": "jan-feb",
      "quintile_name": "Jan-Feb",
      "source_file": "2024.06.07 Sales Report.xlsx",
      "actual_revenue": 711840,
      "pct_budget": 113.7,
      "num_performances": 7,
      "budget": 626000,
      "total_seats": 28785,
      "seats_sold": 11514,
      "capacity_pct": 40,
      "atp": 61.82,
      "programming": "Joyce DiDonato (1); Mozart VC No. 5 (1); Beethoven's Fifth (1)"
    },
    {
      "date": "2024-06-07",
      "fiscal_year": "FY24",
      "quintile": "mar-apr",
      "quintile_name": "Mar-Apr",
      "source_file": "2024.06.07 Sales Report.xlsx",
      "actual_revenue": 845599,
      "pct_budget": 114.9,
      "num_performances": 8,
      "budget": 736000,
      "total_seats": 28809,
      "seats_sold": 12690,
      "capacity_pct": 44,
      "atp": 66.64,
      "programming": "Joyce Yang/Tchaikovsky PC 1 (1); Matthias Pintscher/Quint (1); Bolero/Xavier Foley (1); Kahane/Beethoven PC4 (1)"
    },
    {
      "date": "2024-06-07",
      "fiscal_year": "FY24",
      "quintile": "may-jun",
      "quintile_name": "May-Jun",
      "source_file": "2024.06.07 Sales Report.xlsx",
      "actual_revenue": 980556,
      "pct_budget": 124.9,
      "num_performances": 6,
      "budget": 785000,
      "total_seats": 22001,
      "seats_sold": 10319,
      "capacity_pct": 46.9,
      "atp": 95.02,
      "programming": "Joshua Bell (1); Mahler's Resurrection (1); Mendelssohn/Barber/Sibelius (1)"
    },
    {
      "date": "2024-06-07",
      "fiscal_year": "FY24",
      "quintile": "nov-dec",
      "quintile_name": "Nov-Dec",
      "source_file": "2024.06.07 Sales Report.xlsx",
      "actual_revenue": 1338386,
      "pct_budget": 114.5,
      "num_performances": 7,
      "budget": 1169000,
      "total_seats": 31116,
      "seats_sold": 21085,
      "capacity_pct": 67.8,
      "atp": 63.48,
      "programming": "Music Illuminates the Soul (1); Through the Lens (1)"
    },
    {
      "date": "2024-06-07",
      "fiscal_year": "FY24",
      "quintile": "sep-oct",
      "quintile_name": "Sep-Oct",
      "source_file": "2024.06.07 Sales Report.xlsx",
      "actual_revenue": 1024941,
      "pct_budget": 98.6,
      "num_performances": 8,
      "budget": 1040000,
      "total_seats": 28506,
      "seats_sold": 14457,
      "capacity_pct": 50.7,
      "atp": 70.9,
      "programming": "The Music is Calling (1); Explore Your Imagination (1)"
    },
    {
      "date": "2024-06-10",
      "fiscal_year": "FY24",
      "quintile": "jan-feb",
      "quintile_name": "Jan-Feb",
      "source_file": "2024.06.10 Sales Report.xlsx",
      "actual_revenue": 711840,
      "pct_budget": 113.7,
      "num_performances": 7,
      "budget": 626000,
      "total_seats": 28785,
      "seats_sold": 11514,
      "capacity_pct": 40,
      "atp": 61.82,
      "programming": "Joyce DiDonato (1); Mozart VC No. 5 (1); Beethoven's Fifth (1)"
    },
    {
      "date": "2024-06-10",
      "fiscal_year": "FY24",
      "quintile": "mar-apr",
      "quintile_name": "Mar-Apr",
      "source_file": "2024.06.10 Sales Report.xlsx",
      "actual_revenue": 845599,
      "pct_budget": 114.9,
      "num_performances": 8,
      "budget": 736000,
      "total_seats": 28809,
      "seats_sold": 12690,
      "capacity_pct": 44,
      "atp": 66.64,
      "programming": "Joyce Yang/Tchaikovsky PC 1 (1); Matthias Pintscher/Quint (1); Bolero/Xavier Foley (1); Kahane/Beethoven PC4 (1)"
    },
    {
      "date": "2024-06-10",
      "fiscal_year": "FY24",
      "quintile": "may-jun",
      "quintile_name": "May-Jun",
      "source_file": "2024.06.10 Sales Report.xlsx",
      "actual_revenue": 989590,
      "pct_budget": 126.1,
      "num_performances": 6,
      "budget": 785000,
      "total_seats": 22001,
      "seats_sold": 10494,
      "capacity_pct": 47.7,
      "atp": 94.3,
      "programming": "Joshua Bell (1); Mahler's Resurrection (1); Mendelssohn/Barber/Sibelius (1)"
    },
    {
      "date": "2024-06-10",
      "fiscal_year": "FY24",
      "quintile": "nov-dec",
      "quintile_name": "Nov-Dec",
      "source_file": "2024.06.10 Sales Report.xlsx",
      "actual_revenue": 1338386,
      "pct_budget": 114.5,
      "num_performances": 7,
      "budget": 1169000,
      "total_seats": 31116,
      "seats_sold": 21085,
      "capacity_pct": 67.8,
      "atp": 63.48,
      "programming": "Music Illuminates the Soul (1); Through the Lens (1)"
    },
    {
      "date": "2024-06-10",
      "fiscal_year": "FY24",
      "quintile": "sep-oct",
      "quintile_name": "Sep-Oct",
      "source_file": "2024.06.10 Sales Report.xlsx",
      "actual_revenue": 1024941,
      "pct_budget": 98.6,
      "num_performances": 8,
      "budget": 1040000,
      "total_seats": 28506,
      "seats_sold": 14457,
      "capacity_pct": 50.7,
      "atp": 70.9,
      "programming": "The Music is Calling (1); Explore Your Imagination (1)"
    },
    {
      "date": "2024-06-14",
      "fiscal_year": "FY24",
      "quintile": "jan-feb",
      "quintile_name": "Jan-Feb",
      "source_file": "2024.06.14 Sales Report.xlsx",
      "actual_revenue": 711840,
      "pct_budget": 113.7,
      "num_performances": 7,
      "budget": 626000,
      "total_seats": 28785,
      "seats_sold": 11514,
      "capacity_pct": 40,
      "atp": 61.82,
      "programming": "Joyce DiDonato (1); Mozart VC No. 5 (1); Beethoven's Fifth (1)"
    },
    {
      "date": "2024-06-14",
      "fiscal_year": "FY24",
      "quintile": "mar-apr",
      "quintile_name": "Mar-Apr",
      "source_file": "2024.06.14 Sales Report.xlsx",
      "actual_revenue": 845599,
      "pct_budget": 114.9,
      "num_performances": 8,
      "budget": 736000,
      "total_seats": 28809,
      "seats_sold": 12690,
      "capacity_pct": 44,
      "atp": 66.64,
      "programming": "Joyce Yang/Tchaikovsky PC 1 (1); Matthias Pintscher/Quint (1); Bolero/Xavier Foley (1); Kahane/Beethoven PC4 (1)"
    },
    {
      "date": "2024-06-14",
      "fiscal_year": "FY24",
      "quintile": "may-jun",
      "quintile_name": "May-Jun",
      "source_file": "2024.06.14 Sales Report.xlsx",
      "actual_revenue": 1010394,
      "pct_budget": 128.7,
      "num_performances": 6,
      "budget": 785000,
      "total_seats": 22001,
      "seats_sold": 10880,
      "capacity_pct": 49.5,
      "atp": 92.87,
      "programming": "Joshua Bell (1); Mahler's Resurrection (1); Mendelssohn/Barber/Sibelius (1)"
    },
    {
      "date": "2024-06-14",
      "fiscal_year": "FY24",
      "quintile": "nov-dec",
      "quintile_name": "Nov-Dec",
      "source_file": "2024.06.14 Sales Report.xlsx",
      "actual_revenue": 1338386,
      "pct_budget": 114.5,
      "num_performances": 7,
      "budget": 1169000,
      "total_seats": 31116,
      "seats_sold": 21085,
      "capacity_pct": 67.8,
      "atp": 63.48,
      "programming": "Music Illuminates the Soul (1); Through the Lens (1)"
    },
    {
      "date": "2024-06-14",
      "fiscal_year": "FY24",
      "quintile": "sep-oct",
      "quintile_name": "Sep-Oct",
      "source_file": "2024.06.14 Sales Report.xlsx",
      "actual_revenue": 1024941,
      "pct_budget": 98.6,
      "num_performances": 8,
      "budget": 1040000,
      "total_seats": 28506,
      "seats_sold": 14457,
      "capacity_pct": 50.7,
      "atp": 70.9,
      "programming": "The Music is Calling (1); Explore Your Imagination (1)"
    },
    {
      "date": "2024-06-17",
      "fiscal_year": "FY24",
      "quintile": "jan-feb",
      "quintile_name": "Jan-Feb",
      "source_file": "2024.06.17 Sales Report.xlsx",
      "actual_revenue": 711840,
      "pct_budget": 113.7,
      "num_performances": 7,
      "budget": 626000,
      "total_seats": 28785,
      "seats_sold": 11514,
      "capacity_pct": 40,
      "atp": 61.82,
      "programming": "Joyce DiDonato (1); Mozart VC No. 5 (1); Beethoven's Fifth (1)"
    },
    {
      "date": "2024-06-17",
      "fiscal_year": "FY24",
      "quintile": "mar-apr",
      "quintile_name": "Mar-Apr",
      "source_file": "2024.06.17 Sales Report.xlsx",
      "actual_revenue": 845599,
      "pct_budget": 114.9,
      "num_performances": 8,
      "budget": 736000,
      "total_seats": 28809,
      "seats_sold": 12690,
      "capacity_pct": 44,
      "atp": 66.64,
      "programming": "Joyce Yang/Tchaikovsky PC 1 (1); Matthias Pintscher/Quint (1); Bolero/Xavier Foley (1); Kahane/Beethoven PC4 (1)"
    },
    {
      "date": "2024-06-17",
      "fiscal_year": "FY24",
      "quintile": "may-jun",
      "quintile_name": "May-Jun",
      "source_file": "2024.06.17 Sales Report.xlsx",
      "actual_revenue": 1025827,
      "pct_budget": 130.7,
      "num_performances": 6,
      "budget": 785000,
      "total_seats": 22001,
      "seats_sold": 11183,
      "capacity_pct": 50.8,
      "atp": 91.73,
      "programming": "Joshua Bell (1); Mahler's Resurrection (1); Mendelssohn/Barber/Sibelius (1)"
    },
    {
      "date": "2024-06-17",
      "fiscal_year": "FY24",
      "quintile": "nov-dec",
      "quintile_name": "Nov-Dec",
      "source_file": "2024.06.17 Sales Report.xlsx",
      "actual_revenue": 1338386,
      "pct_budget": 114.5,
      "num_performances": 7,
      "budget": 1169000,
      "total_seats": 31116,
      "seats_sold": 21085,
      "capacity_pct": 67.8,
      "atp": 63.48,
      "programming": "Music Illuminates the Soul (1); Through the Lens (1)"
    },
    {
      "date": "2024-06-17",
      "fiscal_year": "FY24",
      "quintile": "sep-oct",
      "quintile_name": "Sep-Oct",
      "source_file": "2024.06.17 Sales Report.xlsx",
      "actual_revenue": 1024941,
      "pct_budget": 98.6,
      "num_performances": 8,
      "budget": 1040000,
      "total_seats": 28506,
      "seats_sold": 14457,
      "capacity_pct": 50.7,
      "atp": 70.9,
      "programming": "The Music is Calling (1); Explore Your Imagination (1)"
    },
    {
      "date": "2024-06-21",
      "fiscal_year": "FY24",
      "quintile": "jan-feb",
      "quintile_name": "Jan-Feb",
      "source_file": "2024.06.21 Sales Report.xlsx",
      "actual_revenue": 711840,
      "pct_budget": 113.7,
      "num_performances": 7,
      "budget": 626000,
      "total_seats": 28785,
      "seats_sold": 11514,
      "capacity_pct": 40,
      "atp": 61.82,
      "programming": "Joyce DiDonato (1); Mozart VC No. 5 (1); Beethoven's Fifth (1)"
    },
    {
      "date": "2024-06-21",
      "fiscal_year": "FY24",
      "quintile": "mar-apr",
      "quintile_name": "Mar-Apr",
      "source_file": "2024.06.21 Sales Report.xlsx",
      "actual_revenue": 845599,
      "pct_budget": 114.9,
      "num_performances": 8,
      "budget": 736000,
      "total_seats": 28809,
      "seats_sold": 12690,
      "capacity_pct": 44,
      "atp": 66.64,
      "programming": "Joyce Yang/Tchaikovsky PC 1 (1); Matthias Pintscher/Quint (1); Bolero/Xavier Foley (1); Kahane/Beethoven PC4 (1)"
    },
    {
      "date": "2024-06-21",
      "fiscal_year": "FY24",
      "quintile": "may-jun",
      "quintile_name": "May-Jun",
      "source_file": "2024.06.21 Sales Report.xlsx",
      "actual_revenue": 1044166,
      "pct_budget": 133,
      "num_performances": 6,
      "budget": 785000,
      "total_seats": 22001,
      "seats_sold": 11479,
      "capacity_pct": 52.2,
      "atp": 90.96,
      "programming": "Joshua Bell (1); Mahler's Resurrection (1); Mendelssohn/Barber/Sibelius (1)"
    },
    {
      "date": "2024-06-21",
      "fiscal_year": "FY24",
      "quintile": "nov-dec",
      "quintile_name": "Nov-Dec",
      "source_file": "2024.06.21 Sales Report.xlsx",
      "actual_revenue": 1338386,
      "pct_budget": 114.5,
      "num_performances": 7,
      "budget": 1169000,
      "total_seats": 31116,
      "seats_sold": 21085,
      "capacity_pct": 67.8,
      "atp": 63.48,
      "programming": "Music Illuminates the Soul (1); Through the Lens (1)"
    },
    {
      "date": "2024-06-21",
      "fiscal_year": "FY24",
      "quintile": "sep-oct",
      "quintile_name": "Sep-Oct",
      "source_file": "2024.06.21 Sales Report.xlsx",
      "actual_revenue": 1024941,
      "pct_budget": 98.6,
      "num_performances": 8,
      "budget": 1040000,
      "total_seats": 28506,
      "seats_sold": 14457,
      "capacity_pct": 50.7,
      "atp": 70.9,
      "programming": "The Music is Calling (1); Explore Your Imagination (1)"
    },
    {
      "date": "2024-06-24",
      "fiscal_year": "FY24",
      "quintile": "jan-feb",
      "quintile_name": "Jan-Feb",
      "source_file": "2024.06.24 Sales Report.xlsx",
      "actual_revenue": 711840,
      "pct_budget": 113.7,
      "num_performances": 7,
      "budget": 626000,
      "total_seats": 28785,
      "seats_sold": 11514,
      "capacity_pct": 40,
      "atp": 61.82,
      "programming": "Joyce DiDonato (1); Mozart VC No. 5 (1); Beethoven's Fifth (1)"
    },
    {
      "date": "2024-06-24",
      "fiscal_year": "FY24",
      "quintile": "mar-apr",
      "quintile_name": "Mar-Apr",
      "source_file": "2024.06.24 Sales Report.xlsx",
      "actual_revenue": 845599,
      "pct_budget": 114.9,
      "num_performances": 8,
      "budget": 736000,
      "total_seats": 28809,
      "seats_sold": 12690,
      "capacity_pct": 44,
      "atp": 66.64,
      "programming": "Joyce Yang/Tchaikovsky PC 1 (1); Matthias Pintscher/Quint (1); Bolero/Xavier Foley (1); Kahane/Beethoven PC4 (1)"
    },
    {
      "date": "2024-06-24",
      "fiscal_year": "FY24",
      "quintile": "may-jun",
      "quintile_name": "May-Jun",
      "source_file": "2024.06.24 Sales Report.xlsx",
      "actual_revenue": 1056305,
      "pct_budget": 134.6,
      "num_performances": 6,
      "budget": 785000,
      "total_seats": 22001,
      "seats_sold": 11698,
      "capacity_pct": 53.2,
      "atp": 90.3,
      "programming": "Joshua Bell (1); Mahler's Resurrection (1); Mendelssohn/Barber/Sibelius (1)"
    },
    {
      "date": "2024-06-24",
      "fiscal_year": "FY24",
      "quintile": "nov-dec",
      "quintile_name": "Nov-Dec",
      "source_file": "2024.06.24 Sales Report.xlsx",
      "actual_revenue": 1338386,
      "pct_budget": 114.5,
      "num_performances": 7,
      "budget": 1169000,
      "total_seats": 31116,
      "seats_sold": 21085,
      "capacity_pct": 67.8,
      "atp": 63.48,
      "programming": "Music Illuminates the Soul (1); Through the Lens (1)"
    },
    {
      "date": "2024-06-24",
      "fiscal_year": "FY24",
      "quintile": "sep-oct",
      "quintile_name": "Sep-Oct",
      "source_file": "2024.06.24 Sales Report.xlsx",
      "actual_revenue": 1024941,
      "pct_budget": 98.6,
      "num_performances": 8,
      "budget": 1040000,
      "total_seats": 28506,
      "seats_sold": 14457,
      "capacity_pct": 50.7,
      "atp": 70.9,
      "programming": "The Music is Calling (1); Explore Your Imagination (1)"
    },
    {
      "date": "2024-08-20",
      "fiscal_year": "FY25",
      "quintile": "jan-feb",
      "quintile_name": "Jan-Feb",
      "source_file": "2024.08.20 FY25 Ticket Sales Report.xlsx",
      "actual_revenue": 85843,
      "pct_budget": 6.9,
      "num_performances": 10,
      "budget": 1249490,
      "total_seats": 38859,
      "seats_sold": 1344,
      "capacity_pct": 3.5,
      "atp": 63.87,
      "programming": "Saint-Saens Organ/Pahud (1); Beethoven 7/Conrad Tao (1); Shosty 10/Gomyo (1); Pictures at an Exhibition (1); Disney's The Sound of Magic (1); Kings of Soul (1); Dan Brown's Wild Symphony (1); Film: Harry Potter 1 (1); Film: Casablanca (1); Cody Fry (1)"
    },
    {
      "date": "2024-08-20",
      "fiscal_year": "FY25",
      "quintile": "mar-apr",
      "quintile_name": "Mar-Apr",
      "source_file": "2024.08.20 FY25 Ticket Sales Report.xlsx",
      "actual_revenue": 65316,
      "pct_budget": 6.5,
      "num_performances": 8,
      "budget": 998370,
      "total_seats": 29106,
      "seats_sold": 922,
      "capacity_pct": 3.2,
      "atp": 70.84,
      "programming": "Prokofiev Romeo & Juliet (1); Tchaik Pathetique (1); Haydn/Britten/Mozart 23 (1); Ultimate John Williams (1); Project Trio (1); Film: How to Train Your Dragon (1); Ben Folds (1); Chris Thile (1)"
    },
    {
      "date": "2024-08-20",
      "fiscal_year": "FY25",
      "quintile": "may-jun",
      "quintile_name": "May-Jun",
      "source_file": "2024.08.20 FY25 Ticket Sales Report.xlsx",
      "actual_revenue": 20597,
      "pct_budget": 4,
      "num_performances": 5,
      "budget": 516870,
      "total_seats": 21027,
      "seats_sold": 433,
      "capacity_pct": 2.1,
      "atp": 47.57,
      "programming": "Miraculous Mandarin (1); Mahler 3 (1); Beethoven VC/Wagner (1); Sailing Yacht Rock (1); Film: Jaws (1)"
    },
    {
      "date": "2024-08-20",
      "fiscal_year": "FY25",
      "quintile": "nov-dec",
      "quintile_name": "Nov-Dec",
      "source_file": "2024.08.20 FY25 Ticket Sales Report.xlsx",
      "actual_revenue": 300735,
      "pct_budget": 21.3,
      "num_performances": 8,
      "budget": 1409000,
      "total_seats": 32739,
      "seats_sold": 4446,
      "capacity_pct": 13.6,
      "atp": 67.64,
      "programming": "Mozart Requiem (1); Strauss' Alpine (1); Tubby the Tuba (1); Christmas Festival (1); Film: Home Alone (1); Film: Frozen (1); Handel's Messiah (1); Texas Tenors (1)"
    },
    {
      "date": "2024-08-20",
      "fiscal_year": "FY25",
      "quintile": "sep-oct",
      "quintile_name": "Sep-Oct",
      "source_file": "2024.08.20 FY25 Ticket Sales Report.xlsx",
      "actual_revenue": 512415,
      "pct_budget": 39.9,
      "num_performances": 8,
      "budget": 1285331,
      "total_seats": 28812,
      "seats_sold": 6599,
      "capacity_pct": 22.9,
      "atp": 77.65,
      "programming": "Stravinsky's Firebird (1); Mendels Scottish/Shaham (1); Kristin Chenoweth (1); Film: Jurassic Park (1); Film: Psycho in Concert (1); Silent Film: Nosferatu (1); Film: Hocus Pocus (1); Dionne Warwick (1)"
    },
    {
      "date": "2024-08-26",
      "fiscal_year": "FY25",
      "quintile": "jan-feb",
      "quintile_name": "Jan-Feb",
      "source_file": "2024.08.26 FY25 Ticket Sales Report.xlsx",
      "actual_revenue": 91752,
      "pct_budget": 7.3,
      "num_performances": 10,
      "budget": 1249490,
      "total_seats": 38859,
      "seats_sold": 1413,
      "capacity_pct": 3.6,
      "atp": 64.93,
      "programming": "Saint-Saens Organ/Pahud (1); Beethoven 7/Conrad Tao (1); Shosty 10/Gomyo (1); Pictures at an Exhibition (1); Disney's The Sound of Magic (1); Kings of Soul (1); Dan Brown's Wild Symphony (1); Film: Harry Potter 1 (1); Film: Casablanca (1); Cody Fry (1)"
    },
    {
      "date": "2024-08-26",
      "fiscal_year": "FY25",
      "quintile": "mar-apr",
      "quintile_name": "Mar-Apr",
      "source_file": "2024.08.26 FY25 Ticket Sales Report.xlsx",
      "actual_revenue": 70822,
      "pct_budget": 7.1,
      "num_performances": 8,
      "budget": 998370,
      "total_seats": 29106,
      "seats_sold": 990,
      "capacity_pct": 3.4,
      "atp": 71.54,
      "programming": "Prokofiev Romeo & Juliet (1); Tchaik Pathetique (1); Haydn/Britten/Mozart 23 (1); Ultimate John Williams (1); Project Trio (1); Film: How to Train Your Dragon (1); Ben Folds (1); Chris Thile (1)"
    },
    {
      "date": "2024-08-26",
      "fiscal_year": "FY25",
      "quintile": "may-jun",
      "quintile_name": "May-Jun",
      "source_file": "2024.08.26 FY25 Ticket Sales Report.xlsx",
      "actual_revenue": 21417,
      "pct_budget": 4.1,
      "num_performances": 5,
      "budget": 516870,
      "total_seats": 21027,
      "seats_sold": 449,
      "capacity_pct": 2.1,
      "atp": 47.7,
      "programming": "Miraculous Mandarin (1); Mahler 3 (1); Beethoven VC/Wagner (1); Sailing Yacht Rock (1); Film: Jaws (1)"
    },
    {
      "date": "2024-08-26",
      "fiscal_year": "FY25",
      "quintile": "nov-dec",
      "quintile_name": "Nov-Dec",
      "source_file": "2024.08.26 FY25 Ticket Sales Report.xlsx",
      "actual_revenue": 318557,
      "pct_budget": 22.6,
      "num_performances": 8,
      "budget": 1409000,
      "total_seats": 32739,
      "seats_sold": 4717,
      "capacity_pct": 14.4,
      "atp": 67.53,
      "programming": "Mozart Requiem (1); Strauss' Alpine (1); Tubby the Tuba (1); Christmas Festival (1); Film: Home Alone (1); Film: Frozen (1); Handel's Messiah (1); Texas Tenors (1)"
    },
    {
      "date": "2024-08-26",
      "fiscal_year": "FY25",
      "quintile": "sep-oct",
      "quintile_name": "Sep-Oct",
      "source_file": "2024.08.26 FY25 Ticket Sales Report.xlsx",
      "actual_revenue": 541985,
      "pct_budget": 42.2,
      "num_performances": 8,
      "budget": 1285331,
      "total_seats": 28812,
      "seats_sold": 7000,
      "capacity_pct": 24.3,
      "atp": 77.43,
      "programming": "Stravinsky's Firebird (1); Mendels Scottish/Shaham (1); Kristin Chenoweth (1); Film: Jurassic Park (1); Film: Psycho in Concert (1); Silent Film: Nosferatu (1); Film: Hocus Pocus (1); Dionne Warwick (1)"
    },
    {
      "date": "2024-09-03",
      "fiscal_year": "FY25",
      "quintile": "jan-feb",
      "quintile_name": "Jan-Feb",
      "source_file": "2024.09.03 FY25 Ticket Sales Report.xlsx",
      "actual_revenue": 98501,
      "pct_budget": 7.7,
      "num_performances": 12,
      "budget": 1275240,
      "total_seats": 42009,
      "seats_sold": 1529,
      "capacity_pct": 3.6,
      "atp": 64.42,
      "programming": "Saint-Saens Organ/Pahud (1); Beethoven 7/Conrad Tao (1); Shosty 10/Gomyo (1); Pictures at an Exhibition (1); Symphonic Piazza CS6 Friday (1); Symphonic Piazza CS8 Friday (1); Disney's The Sound of Magic (1); Kings of Soul (1); Dan Brown's Wild Symphony (1); Film: Harry Potter 1 (1); Film: Casablanca (1); Cody Fry (1)"
    },
    {
      "date": "2024-09-03",
      "fiscal_year": "FY25",
      "quintile": "mar-apr",
      "quintile_name": "Mar-Apr",
      "source_file": "2024.09.03 FY25 Ticket Sales Report.xlsx",
      "actual_revenue": 80058,
      "pct_budget": 7.7,
      "num_performances": 10,
      "budget": 1035870,
      "total_seats": 32256,
      "seats_sold": 1131,
      "capacity_pct": 3.5,
      "atp": 70.79,
      "programming": "Prokofiev Romeo & Juliet (1); Tchaik Pathetique (1); Haydn/Britten/Mozart 23 (1); Symphonic Piazza CS9 Friday (1); Symphonic Piazza CS10 Friday (1); Ultimate John Williams (1); Project Trio (1); Film: How to Train Your Dragon (1); Ben Folds (1); Chris Thile (1)"
    },
    {
      "date": "2024-09-03",
      "fiscal_year": "FY25",
      "quintile": "may-jun",
      "quintile_name": "May-Jun",
      "source_file": "2024.09.03 FY25 Ticket Sales Report.xlsx",
      "actual_revenue": 24509,
      "pct_budget": 4.5,
      "num_performances": 6,
      "budget": 539787,
      "total_seats": 22602,
      "seats_sold": 500,
      "capacity_pct": 2.2,
      "atp": 49.02,
      "programming": "Miraculous Mandarin (1); Mahler 3 (1); Beethoven VC/Wagner (1); Symphonic Piazza CS14 Friday (1); Sailing Yacht Rock (1); Film: Jaws (1)"
    },
    {
      "date": "2024-09-03",
      "fiscal_year": "FY25",
      "quintile": "nov-dec",
      "quintile_name": "Nov-Dec",
      "source_file": "2024.09.03 FY25 Ticket Sales Report.xlsx",
      "actual_revenue": 352103,
      "pct_budget": 24.1,
      "num_performances": 10,
      "budget": 1459000,
      "total_seats": 35732,
      "seats_sold": 5281,
      "capacity_pct": 14.8,
      "atp": 66.67,
      "programming": "Mozart Requiem (1); Strauss' Alpine (1); Symphonic Piazza CS3 Friday (1); Symphonic Piazza CS4 Friday (1); Tubby the Tuba (1); Christmas Festival (1); Film: Home Alone (1); Film: Frozen (1); Handel's Messiah (1); Texas Tenors (1)"
    },
    {
      "date": "2024-09-03",
      "fiscal_year": "FY25",
      "quintile": "sep-oct",
      "quintile_name": "Sep-Oct",
      "source_file": "2024.09.03 FY25 Ticket Sales Report.xlsx",
      "actual_revenue": 581821,
      "pct_budget": 50.5,
      "num_performances": 8,
      "budget": 1152370,
      "total_seats": 28812,
      "seats_sold": 7521,
      "capacity_pct": 26.1,
      "atp": 77.36,
      "programming": "Stravinsky's Firebird (1); Mendels Scottish/Shaham (1); Kristin Chenoweth (1); Film: Jurassic Park (1); Film: Psycho in Concert (1); Silent Film: Nosferatu (1); Film: Hocus Pocus (1); Dionne Warwick (1)"
    },
    {
      "date": "2024-09-09",
      "fiscal_year": "FY25",
      "quintile": "jan-feb",
      "quintile_name": "Jan-Feb",
      "source_file": "2024.09.09 FY25 Ticket Sales Report.xlsx",
      "actual_revenue": 106827,
      "pct_budget": 8.2,
      "num_performances": 14,
      "budget": 1298240,
      "total_seats": 42209,
      "seats_sold": 1624,
      "capacity_pct": 3.8,
      "atp": 65.78,
      "programming": "Saint-Saens Organ/Pahud (1); Beethoven 7/Conrad Tao (1); Shosty 10/Gomyo (1); Pictures at an Exhibition (1); Symphonic Piazza CS6 Friday (1); Symphonic Piazza CS8 Friday (1); Disney's The Sound of Magic (1); Kings of Soul (1); Dan Brown's Wild Symphony (1); Film: Harry Potter 1 (1); Film: Casablanca (1); On Stage #2 - Emmanuel Pahud (1); On Stage #3 - Conrad Tao (1); Cody Fry (1)"
    },
    {
      "date": "2024-09-09",
      "fiscal_year": "FY25",
      "quintile": "mar-apr",
      "quintile_name": "Mar-Apr",
      "source_file": "2024.09.09 FY25 Ticket Sales Report.xlsx",
      "actual_revenue": 85664,
      "pct_budget": 8.2,
      "num_performances": 11,
      "budget": 1047370,
      "total_seats": 32356,
      "seats_sold": 1200,
      "capacity_pct": 3.7,
      "atp": 71.39,
      "programming": "Prokofiev Romeo & Juliet (1); Tchaik Pathetique (1); Haydn/Britten/Mozart 23 (1); Symphonic Piazza CS9 Friday (1); Symphonic Piazza CS10 Friday (1); Ultimate John Williams (1); Project Trio (1); Film: How to Train Your Dragon (1); On Stage #4 - Jean-Yves Thibaudet (1); Ben Folds (1); Chris Thile (1)"
    },
    {
      "date": "2024-09-09",
      "fiscal_year": "FY25",
      "quintile": "may-jun",
      "quintile_name": "May-Jun",
      "source_file": "2024.09.09 FY25 Ticket Sales Report.xlsx",
      "actual_revenue": 24835,
      "pct_budget": 4.6,
      "num_performances": 6,
      "budget": 539787,
      "total_seats": 22602,
      "seats_sold": 504,
      "capacity_pct": 2.2,
      "atp": 49.28,
      "programming": "Miraculous Mandarin (1); Mahler 3 (1); Beethoven VC/Wagner (1); Symphonic Piazza CS14 Friday (1); Sailing Yacht Rock (1); Film: Jaws (1)"
    },
    {
      "date": "2024-09-09",
      "fiscal_year": "FY25",
      "quintile": "nov-dec",
      "quintile_name": "Nov-Dec",
      "source_file": "2024.09.09 FY25 Ticket Sales Report.xlsx",
      "actual_revenue": 369881,
      "pct_budget": 25.4,
      "num_performances": 10,
      "budget": 1459000,
      "total_seats": 35732,
      "seats_sold": 5531,
      "capacity_pct": 15.5,
      "atp": 66.87,
      "programming": "Mozart Requiem (1); Strauss' Alpine (1); Symphonic Piazza CS3 Friday (1); Symphonic Piazza CS4 Friday (1); Tubby the Tuba (1); Christmas Festival (1); Film: Home Alone (1); Film: Frozen (1); Handel's Messiah (1); Texas Tenors (1)"
    },
    {
      "date": "2024-09-09",
      "fiscal_year": "FY25",
      "quintile": "sep-oct",
      "quintile_name": "Sep-Oct",
      "source_file": "2024.09.09 FY25 Ticket Sales Report.xlsx",
      "actual_revenue": 626095,
      "pct_budget": 53.8,
      "num_performances": 9,
      "budget": 1163870,
      "total_seats": 28912,
      "seats_sold": 8104,
      "capacity_pct": 28,
      "atp": 77.26,
      "programming": "Stravinsky's Firebird (1); Mendels Scottish/Shaham (1); Kristin Chenoweth (1); Film: Jurassic Park (1); Film: Psycho in Concert (1); Silent Film: Nosferatu (1); Film: Hocus Pocus (1); On Stage #1 - Alisa Weilerstein (1); Dionne Warwick (1)"
    },
    {
      "date": "2024-09-16",
      "fiscal_year": "FY25",
      "quintile": "jan-feb",
      "quintile_name": "Jan-Feb",
      "source_file": "2024.09.16 FY25 Ticket Sales Report.xlsx",
      "actual_revenue": 115193,
      "pct_budget": 8.9,
      "num_performances": 14,
      "budget": 1298240,
      "total_seats": 42209,
      "seats_sold": 1729,
      "capacity_pct": 4.1,
      "atp": 66.62,
      "programming": "Saint-Saens Organ/Pahud (1); Beethoven 7/Conrad Tao (1); Shosty 10/Gomyo (1); Pictures at an Exhibition (1); Symphonic Piazza CS6 Friday (1); Symphonic Piazza CS8 Friday (1); Disney's The Sound of Magic (1); Kings of Soul (1); Dan Brown's Wild Symphony (1); Film: Harry Potter 1 (1); Film: Casablanca (1); On Stage #2 - Emmanuel Pahud (1); On Stage #3 - Conrad Tao (1); Cody Fry (1)"
    },
    {
      "date": "2024-09-16",
      "fiscal_year": "FY25",
      "quintile": "mar-apr",
      "quintile_name": "Mar-Apr",
      "source_file": "2024.09.16 FY25 Ticket Sales Report.xlsx",
      "actual_revenue": 90303,
      "pct_budget": 8.6,
      "num_performances": 11,
      "budget": 1047370,
      "total_seats": 32356,
      "seats_sold": 1259,
      "capacity_pct": 3.9,
      "atp": 71.73,
      "programming": "Prokofiev Romeo & Juliet (1); Tchaik Pathetique (1); Haydn/Britten/Mozart 23 (1); Symphonic Piazza CS9 Friday (1); Symphonic Piazza CS10 Friday (1); Ultimate John Williams (1); Project Trio (1); Film: How to Train Your Dragon (1); On Stage #4 - Jean-Yves Thibaudet (1); Ben Folds (1); Chris Thile (1)"
    },
    {
      "date": "2024-09-16",
      "fiscal_year": "FY25",
      "quintile": "may-jun",
      "quintile_name": "May-Jun",
      "source_file": "2024.09.16 FY25 Ticket Sales Report.xlsx",
      "actual_revenue": 25860,
      "pct_budget": 4.8,
      "num_performances": 6,
      "budget": 539787,
      "total_seats": 22602,
      "seats_sold": 516,
      "capacity_pct": 2.3,
      "atp": 50.12,
      "programming": "Miraculous Mandarin (1); Mahler 3 (1); Beethoven VC/Wagner (1); Symphonic Piazza CS14 Friday (1); Sailing Yacht Rock (1); Film: Jaws (1)"
    },
    {
      "date": "2024-09-16",
      "fiscal_year": "FY25",
      "quintile": "nov-dec",
      "quintile_name": "Nov-Dec",
      "source_file": "2024.09.16 FY25 Ticket Sales Report.xlsx",
      "actual_revenue": 395175,
      "pct_budget": 27.1,
      "num_performances": 10,
      "budget": 1459000,
      "total_seats": 35732,
      "seats_sold": 5944,
      "capacity_pct": 16.6,
      "atp": 66.48,
      "programming": "Mozart Requiem (1); Strauss' Alpine (1); Symphonic Piazza CS3 Friday (1); Symphonic Piazza CS4 Friday (1); Tubby the Tuba (1); Christmas Festival (1); Film: Home Alone (1); Film: Frozen (1); Handel's Messiah (1); Texas Tenors (1)"
    },
    {
      "date": "2024-09-16",
      "fiscal_year": "FY25",
      "quintile": "sep-oct",
      "quintile_name": "Sep-Oct",
      "source_file": "2024.09.16 FY25 Ticket Sales Report.xlsx",
      "actual_revenue": 675441,
      "pct_budget": 58,
      "num_performances": 9,
      "budget": 1163870,
      "total_seats": 28912,
      "seats_sold": 8958,
      "capacity_pct": 31,
      "atp": 75.4,
      "programming": "Stravinsky's Firebird (1); Mendels Scottish/Shaham (1); Kristin Chenoweth (1); Film: Jurassic Park (1); Film: Psycho in Concert (1); Silent Film: Nosferatu (1); Film: Hocus Pocus (1); On Stage #1 - Alisa Weilerstein (1); Dionne Warwick (1)"
    },
    {
      "date": "2024-09-23",
      "fiscal_year": "FY25",
      "quintile": "jan-feb",
      "quintile_name": "Jan-Feb",
      "source_file": "2024.09.23 FY25 Ticket Sales Report.xlsx",
      "actual_revenue": 124874,
      "pct_budget": 9.6,
      "num_performances": 14,
      "budget": 1298240,
      "total_seats": 42209,
      "seats_sold": 1870,
      "capacity_pct": 4.4,
      "atp": 66.78,
      "programming": "Saint-Saens Organ/Pahud (1); Beethoven 7/Conrad Tao (1); Shosty 10/Gomyo (1); Pictures at an Exhibition (1); Symphonic Piazza CS6 Friday (1); Symphonic Piazza CS8 Friday (1); Disney's The Sound of Magic (1); Kings of Soul (1); Dan Brown's Wild Symphony (1); Film: Harry Potter 1 (1); Film: Casablanca (1); On Stage #2 - Emmanuel Pahud (1); On Stage #3 - Conrad Tao (1); Cody Fry (1)"
    },
    {
      "date": "2024-09-23",
      "fiscal_year": "FY25",
      "quintile": "mar-apr",
      "quintile_name": "Mar-Apr",
      "source_file": "2024.09.23 FY25 Ticket Sales Report.xlsx",
      "actual_revenue": 96758,
      "pct_budget": 9.2,
      "num_performances": 11,
      "budget": 1047370,
      "total_seats": 32356,
      "seats_sold": 1350,
      "capacity_pct": 4.2,
      "atp": 71.67,
      "programming": "Prokofiev Romeo & Juliet (1); Tchaik Pathetique (1); Haydn/Britten/Mozart 23 (1); Symphonic Piazza CS9 Friday (1); Symphonic Piazza CS10 Friday (1); Ultimate John Williams (1); Project Trio (1); Film: How to Train Your Dragon (1); On Stage #4 - Jean-Yves Thibaudet (1); Ben Folds (1); Chris Thile (1)"
    },
    {
      "date": "2024-09-23",
      "fiscal_year": "FY25",
      "quintile": "may-jun",
      "quintile_name": "May-Jun",
      "source_file": "2024.09.23 FY25 Ticket Sales Report.xlsx",
      "actual_revenue": 28928,
      "pct_budget": 5.4,
      "num_performances": 6,
      "budget": 539787,
      "total_seats": 22602,
      "seats_sold": 554,
      "capacity_pct": 2.5,
      "atp": 52.22,
      "programming": "Miraculous Mandarin (1); Mahler 3 (1); Beethoven VC/Wagner (1); Symphonic Piazza CS14 Friday (1); Sailing Yacht Rock (1); Film: Jaws (1)"
    },
    {
      "date": "2024-09-23",
      "fiscal_year": "FY25",
      "quintile": "nov-dec",
      "quintile_name": "Nov-Dec",
      "source_file": "2024.09.23 FY25 Ticket Sales Report.xlsx",
      "actual_revenue": 426611,
      "pct_budget": 29.2,
      "num_performances": 10,
      "budget": 1459000,
      "total_seats": 35732,
      "seats_sold": 6448,
      "capacity_pct": 18,
      "atp": 66.16,
      "programming": "Mozart Requiem (1); Strauss' Alpine (1); Symphonic Piazza CS3 Friday (1); Symphonic Piazza CS4 Friday (1); Tubby the Tuba (1); Christmas Festival (1); Film: Home Alone (1); Film: Frozen (1); Handel's Messiah (1); Texas Tenors (1)"
    },
    {
      "date": "2024-09-23",
      "fiscal_year": "FY25",
      "quintile": "sep-oct",
      "quintile_name": "Sep-Oct",
      "source_file": "2024.09.23 FY25 Ticket Sales Report.xlsx",
      "actual_revenue": 730807,
      "pct_budget": 62.8,
      "num_performances": 9,
      "budget": 1163870,
      "total_seats": 27604,
      "seats_sold": 9736,
      "capacity_pct": 35.3,
      "atp": 75.06,
      "programming": "Stravinsky's Firebird (1); Mendels Scottish/Shaham (1); Kristin Chenoweth (1); Film: Jurassic Park (1); Film: Psycho in Concert (1); Silent Film: Nosferatu (1); Film: Hocus Pocus (1); On Stage #1 - Alisa Weilerstein (1); Dionne Warwick (1)"
    },
    {
      "date": "2024-09-30",
      "fiscal_year": "FY25",
      "quintile": "jan-feb",
      "quintile_name": "Jan-Feb",
      "source_file": "2024.09.30 FY25 Ticket Sales Report.xlsx",
      "actual_revenue": 138300,
      "pct_budget": 10.7,
      "num_performances": 14,
      "budget": 1298240,
      "total_seats": 42209,
      "seats_sold": 2008,
      "capacity_pct": 4.8,
      "atp": 68.87,
      "programming": "Saint-Saens Organ/Pahud (1); Beethoven 7/Conrad Tao (1); Shosty 10/Gomyo (1); Pictures at an Exhibition (1); Symphonic Piazza CS6 Friday (1); Symphonic Piazza CS8 Friday (1); Disney's The Sound of Magic (1); Kings of Soul (1); Dan Brown's Wild Symphony (1); Film: Harry Potter 1 (1); Film: Casablanca (1); On Stage #2 - Emmanuel Pahud (1); On Stage #3 - Conrad Tao (1); Cody Fry (1)"
    },
    {
      "date": "2024-09-30",
      "fiscal_year": "FY25",
      "quintile": "mar-apr",
      "quintile_name": "Mar-Apr",
      "source_file": "2024.09.30 FY25 Ticket Sales Report.xlsx",
      "actual_revenue": 102754,
      "pct_budget": 9.8,
      "num_performances": 11,
      "budget": 1047370,
      "total_seats": 32356,
      "seats_sold": 1430,
      "capacity_pct": 4.4,
      "atp": 71.86,
      "programming": "Prokofiev Romeo & Juliet (1); Tchaik Pathetique (1); Haydn/Britten/Mozart 23 (1); Symphonic Piazza CS9 Friday (1); Symphonic Piazza CS10 Friday (1); Ultimate John Williams (1); Project Trio (1); Film: How to Train Your Dragon (1); On Stage #4 - Jean-Yves Thibaudet (1); Ben Folds (1); Chris Thile (1)"
    },
    {
      "date": "2024-09-30",
      "fiscal_year": "FY25",
      "quintile": "may-jun",
      "quintile_name": "May-Jun",
      "source_file": "2024.09.30 FY25 Ticket Sales Report.xlsx",
      "actual_revenue": 30104,
      "pct_budget": 5.6,
      "num_performances": 6,
      "budget": 539787,
      "total_seats": 22602,
      "seats_sold": 570,
      "capacity_pct": 2.5,
      "atp": 52.81,
      "programming": "Miraculous Mandarin (1); Mahler 3 (1); Beethoven VC/Wagner (1); Symphonic Piazza CS14 Friday (1); Sailing Yacht Rock (1); Film: Jaws (1)"
    },
    {
      "date": "2024-09-30",
      "fiscal_year": "FY25",
      "quintile": "nov-dec",
      "quintile_name": "Nov-Dec",
      "source_file": "2024.09.30 FY25 Ticket Sales Report.xlsx",
      "actual_revenue": 459525,
      "pct_budget": 31.5,
      "num_performances": 10,
      "budget": 1459000,
      "total_seats": 35732,
      "seats_sold": 6862,
      "capacity_pct": 19.2,
      "atp": 66.97,
      "programming": "Mozart Requiem (1); Strauss' Alpine (1); Symphonic Piazza CS3 Friday (1); Symphonic Piazza CS4 Friday (1); Tubby the Tuba (1); Christmas Festival (1); Film: Home Alone (1); Film: Frozen (1); Handel's Messiah (1); Texas Tenors (1)"
    },
    {
      "date": "2024-09-30",
      "fiscal_year": "FY25",
      "quintile": "sep-oct",
      "quintile_name": "Sep-Oct",
      "source_file": "2024.09.30 FY25 Ticket Sales Report.xlsx",
      "actual_revenue": 763952,
      "pct_budget": 65.6,
      "num_performances": 9,
      "budget": 1163870,
      "total_seats": 27604,
      "seats_sold": 10222,
      "capacity_pct": 37,
      "atp": 74.74,
      "programming": "Stravinsky's Firebird (1); Mendels Scottish/Shaham (1); Kristin Chenoweth (1); Film: Jurassic Park (1); Film: Psycho in Concert (1); Silent Film: Nosferatu (1); Film: Hocus Pocus (1); On Stage #1 - Alisa Weilerstein (1); Dionne Warwick (1)"
    },
    {
      "date": "2024-10-28",
      "fiscal_year": "FY25",
      "quintile": "jan-feb",
      "quintile_name": "Jan-Feb",
      "source_file": "2024.10.28 FY25 Ticket Sales Report.xlsx",
      "actual_revenue": 229365,
      "pct_budget": 17.4,
      "num_performances": 14,
      "budget": 1316490,
      "total_seats": 42209,
      "seats_sold": 3496,
      "capacity_pct": 8.3,
      "atp": 65.61,
      "programming": "Saint-Saens Organ/Pahud (1); Beethoven 7/Conrad Tao (1); Shosty 10/Gomyo (1); Pictures at an Exhibition (1); Symphonic Piazza CS6 Friday (1); Symphonic Piazza CS8 Friday (1); Disney's The Sound of Magic (1); Kings of Soul (1); Dan Brown's Wild Symphony (1); Film: Harry Potter 1 (1); Film: Casablanca (1); On Stage #2 - Emmanuel Pahud (1); On Stage #3 - Conrad Tao (1); Cody Fry (1)"
    },
    {
      "date": "2024-10-28",
      "fiscal_year": "FY25",
      "quintile": "mar-apr",
      "quintile_name": "Mar-Apr",
      "source_file": "2024.10.28 FY25 Ticket Sales Report.xlsx",
      "actual_revenue": 192709,
      "pct_budget": 17.5,
      "num_performances": 11,
      "budget": 1102870,
      "total_seats": 32356,
      "seats_sold": 2840,
      "capacity_pct": 8.8,
      "atp": 67.86,
      "programming": "Prokofiev Romeo & Juliet (1); Tchaik Pathetique (1); Haydn/Britten/Mozart 23 (1); Symphonic Piazza CS9 Friday (1); Symphonic Piazza CS10 Friday (1); Ultimate John Williams (1); Project Trio (1); Film: How to Train Your Dragon (1); On Stage #4 - Jean-Yves Thibaudet (1); Ben Folds (1); Chris Thile (1)"
    },
    {
      "date": "2024-10-28",
      "fiscal_year": "FY25",
      "quintile": "may-jun",
      "quintile_name": "May-Jun",
      "source_file": "2024.10.28 FY25 Ticket Sales Report.xlsx",
      "actual_revenue": 53786,
      "pct_budget": 10.2,
      "num_performances": 6,
      "budget": 524870,
      "total_seats": 22602,
      "seats_sold": 1010,
      "capacity_pct": 4.5,
      "atp": 53.25,
      "programming": "Miraculous Mandarin (1); Mahler 3 (1); Beethoven VC/Wagner (1); Symphonic Piazza CS14 Friday (1); Sailing Yacht Rock (1); Film: Jaws (1)"
    },
    {
      "date": "2024-10-28",
      "fiscal_year": "FY25",
      "quintile": "nov-dec",
      "quintile_name": "Nov-Dec",
      "source_file": "2024.10.28 FY25 Ticket Sales Report.xlsx",
      "actual_revenue": 723629,
      "pct_budget": 50.1,
      "num_performances": 10,
      "budget": 1444000,
      "total_seats": 35732,
      "seats_sold": 12098,
      "capacity_pct": 33.9,
      "atp": 59.81,
      "programming": "Mozart Requiem (1); Strauss' Alpine (1); Symphonic Piazza CS3 Friday (1); Symphonic Piazza CS4 Friday (1); Tubby the Tuba (1); Christmas Festival (1); Film: Home Alone (1); Film: Frozen (1); Handel's Messiah (1); Texas Tenors (1)"
    },
    {
      "date": "2024-10-28",
      "fiscal_year": "FY25",
      "quintile": "sep-oct",
      "quintile_name": "Sep-Oct",
      "source_file": "2024.10.28 FY25 Ticket Sales Report.xlsx",
      "actual_revenue": 944263,
      "pct_budget": 81.1,
      "num_performances": 9,
      "budget": 1163870,
      "total_seats": 27604,
      "seats_sold": 14671,
      "capacity_pct": 53.1,
      "atp": 64.36,
      "programming": "Stravinsky's Firebird (1); Mendels Scottish/Shaham (1); Kristin Chenoweth (1); Film: Jurassic Park (1); Film: Psycho in Concert (1); Silent Film: Nosferatu (1); Film: Hocus Pocus (1); On Stage #1 - Alisa Weilerstein (1); Dionne Warwick (1)"
    },
    {
      "date": "2024-11-04",
      "fiscal_year": "FY25",
      "quintile": "jan-feb",
      "quintile_name": "Jan-Feb",
      "source_file": "2024.11.04 FY25 Ticket Sales Report.xlsx",
      "actual_revenue": 257052,
      "pct_budget": 19.5,
      "num_performances": 14,
      "budget": 1316490,
      "total_seats": 42209,
      "seats_sold": 4076,
      "capacity_pct": 9.7,
      "atp": 63.06,
      "programming": "Saint-Saens Organ/Pahud (1); Beethoven 7/Conrad Tao (SP) (1); Shosty 10/Gomyo (1); Pictures at an Exhibition (SP) (1); Symphonic Piazza CS6 Friday (1); Symphonic Piazza CS8 Friday (1); Disney's The Sound of Magic (1); Kings of Soul (1); Dan Brown's Wild Symphony (1); Film: Harry Potter 1 (1); Film: Casablanca (1); On Stage #2 - Emmanuel Pahud (1); On Stage #3 - Conrad Tao (1); Cody Fry (1)"
    },
    {
      "date": "2024-11-04",
      "fiscal_year": "FY25",
      "quintile": "mar-apr",
      "quintile_name": "Mar-Apr",
      "source_file": "2024.11.04 FY25 Ticket Sales Report.xlsx",
      "actual_revenue": 212135,
      "pct_budget": 19.2,
      "num_performances": 11,
      "budget": 1102870,
      "total_seats": 32356,
      "seats_sold": 3132,
      "capacity_pct": 9.7,
      "atp": 67.73,
      "programming": "Prokofiev Romeo & Juliet (SP) (1); Tchaik Pathetique (SP) (1); Haydn/Britten/Mozart 23 (1); Symphonic Piazza CS9 Friday (1); Symphonic Piazza CS10 Friday (1); Ultimate John Williams (1); Project Trio (1); Film: How to Train Your Dragon (1); On Stage #4 - Jean-Yves Thibaudet (1); Ben Folds (1); Chris Thile * (1)"
    },
    {
      "date": "2024-11-04",
      "fiscal_year": "FY25",
      "quintile": "may-jun",
      "quintile_name": "May-Jun",
      "source_file": "2024.11.04 FY25 Ticket Sales Report.xlsx",
      "actual_revenue": 60929,
      "pct_budget": 11.6,
      "num_performances": 6,
      "budget": 524870,
      "total_seats": 22602,
      "seats_sold": 1140,
      "capacity_pct": 5,
      "atp": 53.45,
      "programming": "Miraculous Mandarin (1); Mahler 3 (1); Beethoven VC/Wagner (SP) (1); Symphonic Piazza CS14 Friday (1); Sailing Yacht Rock (1); Film: Jaws (1)"
    },
    {
      "date": "2024-11-04",
      "fiscal_year": "FY25",
      "quintile": "nov-dec",
      "quintile_name": "Nov-Dec",
      "source_file": "2024.11.04 FY25 Ticket Sales Report.xlsx",
      "actual_revenue": 845519,
      "pct_budget": 58.6,
      "num_performances": 10,
      "budget": 1444000,
      "total_seats": 35732,
      "seats_sold": 13576,
      "capacity_pct": 38,
      "atp": 62.28,
      "programming": "Mozart Requiem (SP) (1); Strauss' Alpine( SP) (1); Symphonic Piazza CS3 Friday (1); Symphonic Piazza CS4 Friday (1); Tubby the Tuba (1); Christmas Festival (1); Film: Home Alone (1); Film: Frozen (1); Handel's Messiah (1); Texas Tenors (1)"
    },
    {
      "date": "2024-11-04",
      "fiscal_year": "FY25",
      "quintile": "sep-oct",
      "quintile_name": "Sep-Oct",
      "source_file": "2024.11.04 FY25 Ticket Sales Report.xlsx",
      "actual_revenue": 960015,
      "pct_budget": 82.5,
      "num_performances": 9,
      "budget": 1163870,
      "total_seats": 27604,
      "seats_sold": 14772,
      "capacity_pct": 53.5,
      "atp": 64.99,
      "programming": "Stravinsky's Firebird (1); Mendels Scottish/Shaham (1); Kristin Chenoweth (1); Film: Jurassic Park (1); Film: Psycho in Concert (1); Silent Film: Nosferatu (1); Film: Hocus Pocus (1); On Stage #1 - Alisa Weilerstein (1); Dionne Warwick (1)"
    },
    {
      "date": "2024-11-12",
      "fiscal_year": "FY25",
      "quintile": "jan-feb",
      "quintile_name": "Jan-Feb",
      "source_file": "2024.11.12 FY25 Ticket Sales Report.xlsx",
      "actual_revenue": 278434,
      "pct_budget": 21.1,
      "num_performances": 14,
      "budget": 1316490,
      "total_seats": 39059,
      "seats_sold": 4431,
      "capacity_pct": 11.3,
      "atp": 62.84,
      "programming": "Saint-Saens Organ/Pahud (1); Beethoven 7/Conrad Tao (SP) (1); Shosty 10/Gomyo (1); Pictures at an Exhibition (SP) (1); Piazza CS6 Beethoven 7 (1); Piazza CS8 Pictures (1); Disney's The Sound of Magic (1); Kings of Soul (1); Dan Brown's Wild Symphony (1); Harry Potter 1 (1); Casablanca (1); Emmanuel Pahud (1); Conrad Tao (1); Cody Fry (1)"
    },
    {
      "date": "2024-11-12",
      "fiscal_year": "FY25",
      "quintile": "mar-apr",
      "quintile_name": "Mar-Apr",
      "source_file": "2024.11.12 FY25 Ticket Sales Report.xlsx",
      "actual_revenue": 217333,
      "pct_budget": 22.3,
      "num_performances": 10,
      "budget": 974870,
      "total_seats": 27631,
      "seats_sold": 3214,
      "capacity_pct": 11.6,
      "atp": 67.62,
      "programming": "Prokofiev Romeo & Juliet (SP) (1); Tchaik Pathetique (SP) (1); Haydn/Britten/Mozart 23 (1); Piazza CS9 Prokofiev R&J (1); Piazza CS10 Tchaik 6 (1); Ultimate John Williams (1); Project Trio (1); How to Train Your Dragon (1); Jean-Yves Thibaudet (1); Ben Folds (1)"
    },
    {
      "date": "2024-11-12",
      "fiscal_year": "FY25",
      "quintile": "may-jun",
      "quintile_name": "May-Jun",
      "source_file": "2024.11.12 FY25 Ticket Sales Report.xlsx",
      "actual_revenue": 61993,
      "pct_budget": 11.8,
      "num_performances": 6,
      "budget": 524870,
      "total_seats": 21027,
      "seats_sold": 1154,
      "capacity_pct": 5.5,
      "atp": 53.72,
      "programming": "Miraculous Mandarin (1); Mahler 3 (1); Beethoven VC/Wagner (SP) (1); Piazza CS14 Wagner (1); Sailing Yacht Rock (1); Jaws (1)"
    },
    {
      "date": "2024-11-12",
      "fiscal_year": "FY25",
      "quintile": "nov-dec",
      "quintile_name": "Nov-Dec",
      "source_file": "2024.11.12 FY25 Ticket Sales Report.xlsx",
      "actual_revenue": 934594,
      "pct_budget": 64.7,
      "num_performances": 10,
      "budget": 1444000,
      "total_seats": 32739,
      "seats_sold": 15881,
      "capacity_pct": 48.5,
      "atp": 58.85,
      "programming": "Mozart Requiem (SP) (1); Strauss' Alpine( SP) (1); Piazza CS3 Mozart Requiem (1); Piazza CS4 Alipine (1); Tubby the Tuba (1); Christmas Festival (1); Home Alone (1); Frozen (1); Handel's Messiah (1); Texas Tenors (1)"
    },
    {
      "date": "2024-11-12",
      "fiscal_year": "FY25",
      "quintile": "sep-oct",
      "quintile_name": "Sep-Oct",
      "source_file": "2024.11.12 FY25 Ticket Sales Report.xlsx",
      "actual_revenue": 960015,
      "pct_budget": 82.5,
      "num_performances": 9,
      "budget": 1163870,
      "total_seats": 27604,
      "seats_sold": 14772,
      "capacity_pct": 53.5,
      "atp": 64.99,
      "programming": "Stravinsky's Firebird (1); Mendels Scottish/Shaham (1); Kristin Chenoweth (1); Jurassic Park (1); Psycho in Concert (1); Silent Film: Nosferatu (1); Hocus Pocus (1); Alisa Weilerstein (1); Dionne Warwick (1)"
    },
    {
      "date": "2024-11-18",
      "fiscal_year": "FY25",
      "quintile": "jan-feb",
      "quintile_name": "Jan-Feb",
      "source_file": "2024.11.18 FY25 Ticket Sales Report.xlsx",
      "actual_revenue": 303785,
      "pct_budget": 23.1,
      "num_performances": 14,
      "budget": 1316490,
      "total_seats": 39059,
      "seats_sold": 4753,
      "capacity_pct": 12.2,
      "atp": 63.91,
      "programming": "Saint-Saens Organ/Pahud (1); Beethoven 7/Conrad Tao (SP) (1); Shosty 10/Gomyo (1); Pictures at an Exhibition (SP) (1); Piazza CS6 Beethoven 7 (1); Piazza CS8 Pictures (1); Disney's The Sound of Magic (1); Kings of Soul (1); Dan Brown's Wild Symphony (1); Harry Potter 1 (1); Casablanca (1); Emmanuel Pahud (1); Conrad Tao (1); Cody Fry (1)"
    },
    {
      "date": "2024-11-18",
      "fiscal_year": "FY25",
      "quintile": "mar-apr",
      "quintile_name": "Mar-Apr",
      "source_file": "2024.11.18 FY25 Ticket Sales Report.xlsx",
      "actual_revenue": 232741,
      "pct_budget": 23.9,
      "num_performances": 10,
      "budget": 974870,
      "total_seats": 27631,
      "seats_sold": 3483,
      "capacity_pct": 12.6,
      "atp": 66.82,
      "programming": "Prokofiev Romeo & Juliet (SP) (1); Tchaik Pathetique (SP) (1); Haydn/Britten/Mozart 23 (1); Piazza CS9 Prokofiev R&J (1); Piazza CS10 Tchaik 6 (1); Ultimate John Williams (1); Project Trio (1); How to Train Your Dragon (1); Jean-Yves Thibaudet (1); Ben Folds (1)"
    },
    {
      "date": "2024-11-18",
      "fiscal_year": "FY25",
      "quintile": "may-jun",
      "quintile_name": "May-Jun",
      "source_file": "2024.11.18 FY25 Ticket Sales Report.xlsx",
      "actual_revenue": 65027,
      "pct_budget": 12.4,
      "num_performances": 6,
      "budget": 524870,
      "total_seats": 21027,
      "seats_sold": 1195,
      "capacity_pct": 5.7,
      "atp": 54.42,
      "programming": "Miraculous Mandarin (1); Mahler 3 (1); Beethoven VC/Wagner (SP) (1); Piazza CS14 Wagner (1); Sailing Yacht Rock (1); Jaws (1)"
    },
    {
      "date": "2024-11-18",
      "fiscal_year": "FY25",
      "quintile": "nov-dec",
      "quintile_name": "Nov-Dec",
      "source_file": "2024.11.18 FY25 Ticket Sales Report.xlsx",
      "actual_revenue": 1093421,
      "pct_budget": 75.7,
      "num_performances": 10,
      "budget": 1444000,
      "total_seats": 32739,
      "seats_sold": 18047,
      "capacity_pct": 55.1,
      "atp": 60.59,
      "programming": "Mozart Requiem (SP) (1); Strauss' Alpine( SP) (1); Piazza CS3 Mozart Requiem (1); Piazza CS4 Alipine (1); Tubby the Tuba (1); Christmas Festival (1); Home Alone (1); Frozen (1); Handel's Messiah (1); Texas Tenors (1)"
    },
    {
      "date": "2024-11-18",
      "fiscal_year": "FY25",
      "quintile": "sep-oct",
      "quintile_name": "Sep-Oct",
      "source_file": "2024.11.18 FY25 Ticket Sales Report.xlsx",
      "actual_revenue": 960015,
      "pct_budget": 82.5,
      "num_performances": 9,
      "budget": 1163870,
      "total_seats": 27604,
      "seats_sold": 14772,
      "capacity_pct": 53.5,
      "atp": 64.99,
      "programming": "Stravinsky's Firebird (1); Mendels Scottish/Shaham (1); Kristin Chenoweth (1); Jurassic Park (1); Psycho in Concert (1); Silent Film: Nosferatu (1); Hocus Pocus (1); Alisa Weilerstein (1); Dionne Warwick (1)"
    },
    {
      "date": "2024-12-09",
      "fiscal_year": "FY25",
      "quintile": "jan-feb",
      "quintile_name": "Jan-Feb",
      "source_file": "2024.12.09 FY25 Ticket Sales Report.xlsx",
      "actual_revenue": 429207,
      "pct_budget": 32.6,
      "num_performances": 14,
      "budget": 1316490,
      "total_seats": 39059,
      "seats_sold": 6629,
      "capacity_pct": 17,
      "atp": 64.75,
      "programming": "Saint-Saens Organ/Pahud (1); Beethoven 7/Conrad Tao (SP) (1); Shosty 10/Gomyo (1); Pictures at an Exhibition (SP) (1); Piazza CS6 Beethoven 7 (1); Piazza CS8 Pictures (1); Disney's The Sound of Magic (1); Kings of Soul (1); Dan Brown's Wild Symphony (1); Harry Potter 1 (1); Casablanca (1); Emmanuel Pahud (1); Conrad Tao (1); Cody Fry (1)"
    },
    {
      "date": "2024-12-09",
      "fiscal_year": "FY25",
      "quintile": "mar-apr",
      "quintile_name": "Mar-Apr",
      "source_file": "2024.12.09 FY25 Ticket Sales Report.xlsx",
      "actual_revenue": 295613,
      "pct_budget": 30.3,
      "num_performances": 10,
      "budget": 974870,
      "total_seats": 27631,
      "seats_sold": 4469,
      "capacity_pct": 16.2,
      "atp": 66.15,
      "programming": "Prokofiev Romeo & Juliet (SP) (1); Tchaik Pathetique (SP) (1); Haydn/Britten/Mozart 23 (1); Piazza CS9 Prokofiev R&J (1); Piazza CS10 Tchaik 6 (1); Ultimate John Williams (1); Project Trio (1); How to Train Your Dragon (1); Jean-Yves Thibaudet (1); Ben Folds (1)"
    },
    {
      "date": "2024-12-09",
      "fiscal_year": "FY25",
      "quintile": "may-jun",
      "quintile_name": "May-Jun",
      "source_file": "2024.12.09 FY25 Ticket Sales Report.xlsx",
      "actual_revenue": 74431,
      "pct_budget": 14.2,
      "num_performances": 6,
      "budget": 524870,
      "total_seats": 21027,
      "seats_sold": 1401,
      "capacity_pct": 6.7,
      "atp": 53.13,
      "programming": "Miraculous Mandarin (1); Mahler 3 (1); Beethoven VC/Wagner (SP) (1); Piazza CS14 Wagner (1); Sailing Yacht Rock (1); Jaws (1)"
    },
    {
      "date": "2024-12-09",
      "fiscal_year": "FY25",
      "quintile": "nov-dec",
      "quintile_name": "Nov-Dec",
      "source_file": "2024.12.09 FY25 Ticket Sales Report.xlsx",
      "actual_revenue": 1416317,
      "pct_budget": 98.1,
      "num_performances": 10,
      "budget": 1444000,
      "total_seats": 32739,
      "seats_sold": 23929,
      "capacity_pct": 73.1,
      "atp": 59.19,
      "programming": "Mozart Requiem (SP) (1); Strauss' Alpine( SP) (1); Piazza CS3 Mozart Requiem (1); Piazza CS4 Alpine (1); Tubby the Tuba (1); Christmas Festival (1); Home Alone (1); Frozen (1); Handel's Messiah (1); Texas Tenors (1)"
    },
    {
      "date": "2024-12-09",
      "fiscal_year": "FY25",
      "quintile": "sep-oct",
      "quintile_name": "Sep-Oct",
      "source_file": "2024.12.09 FY25 Ticket Sales Report.xlsx",
      "actual_revenue": 960015,
      "pct_budget": 82.5,
      "num_performances": 9,
      "budget": 1163870,
      "total_seats": 27604,
      "seats_sold": 14772,
      "capacity_pct": 53.5,
      "atp": 64.99,
      "programming": "Stravinsky's Firebird (1); Mendels Scottish/Shaham (1); Kristin Chenoweth (1); Jurassic Park (1); Psycho in Concert (1); Silent Film: Nosferatu (1); Hocus Pocus (1); Alisa Weilerstein (1); Dionne Warwick (1)"
    },
    {
      "date": "2024-12-17",
      "fiscal_year": "FY25",
      "quintile": "jan-feb",
      "quintile_name": "Jan-Feb",
      "source_file": "2024.12.17 FY25 Ticket Sales Report.xlsx",
      "actual_revenue": 500921,
      "pct_budget": 38,
      "num_performances": 14,
      "budget": 1316490,
      "total_seats": 39059,
      "seats_sold": 7637,
      "capacity_pct": 19.6,
      "atp": 65.59,
      "programming": "Saint-Saens Organ/Pahud (1); Beethoven 7/Conrad Tao (SP) (1); Shosty 10/Gomyo (1); Pictures at an Exhibition (SP) (1); Piazza CS6 Beethoven 7 (1); Piazza CS8 Pictures (1); Disney's The Sound of Magic (1); Kings of Soul (1); Dan Brown's Wild Symphony (1); Harry Potter 1 (1); Casablanca (1); Emmanuel Pahud (1); Conrad Tao (1); Cody Fry (1)"
    },
    {
      "date": "2024-12-17",
      "fiscal_year": "FY25",
      "quintile": "mar-apr",
      "quintile_name": "Mar-Apr",
      "source_file": "2024.12.17 FY25 Ticket Sales Report.xlsx",
      "actual_revenue": 320916,
      "pct_budget": 32.9,
      "num_performances": 10,
      "budget": 974870,
      "total_seats": 27631,
      "seats_sold": 4831,
      "capacity_pct": 17.5,
      "atp": 66.43,
      "programming": "Prokofiev Romeo & Juliet (SP) (1); Tchaik Pathetique (SP) (1); Haydn/Britten/Mozart 23 (1); Piazza CS9 Prokofiev R&J (1); Piazza CS10 Tchaik 6 (1); Ultimate John Williams (1); Project Trio (1); How to Train Your Dragon (1); Jean-Yves Thibaudet (1); Ben Folds (1)"
    },
    {
      "date": "2024-12-17",
      "fiscal_year": "FY25",
      "quintile": "may-jun",
      "quintile_name": "May-Jun",
      "source_file": "2024.12.17 FY25 Ticket Sales Report.xlsx",
      "actual_revenue": 79922,
      "pct_budget": 15.2,
      "num_performances": 6,
      "budget": 524870,
      "total_seats": 21027,
      "seats_sold": 1482,
      "capacity_pct": 7,
      "atp": 53.93,
      "programming": "Miraculous Mandarin (1); Mahler 3 (1); Beethoven VC/Wagner (SP) (1); Piazza CS14 Wagner (1); Sailing Yacht Rock (1); Jaws (1)"
    },
    {
      "date": "2024-12-17",
      "fiscal_year": "FY25",
      "quintile": "nov-dec",
      "quintile_name": "Nov-Dec",
      "source_file": "2024.12.17 FY25 Ticket Sales Report.xlsx",
      "actual_revenue": 1483415,
      "pct_budget": 102.7,
      "num_performances": 10,
      "budget": 1444000,
      "total_seats": 32739,
      "seats_sold": 25102,
      "capacity_pct": 76.7,
      "atp": 59.1,
      "programming": "Mozart Requiem (SP) (1); Strauss' Alpine( SP) (1); Piazza CS3 Mozart Requiem (1); Piazza CS4 Alpine (1); Tubby the Tuba (1); Christmas Festival (1); Home Alone (1); Frozen (1); Handel's Messiah (1); Texas Tenors (1)"
    },
    {
      "date": "2024-12-17",
      "fiscal_year": "FY25",
      "quintile": "sep-oct",
      "quintile_name": "Sep-Oct",
      "source_file": "2024.12.17 FY25 Ticket Sales Report.xlsx",
      "actual_revenue": 960015,
      "pct_budget": 82.5,
      "num_performances": 9,
      "budget": 1163870,
      "total_seats": 27604,
      "seats_sold": 14772,
      "capacity_pct": 53.5,
      "atp": 64.99,
      "programming": "Stravinsky's Firebird (1); Mendels Scottish/Shaham (1); Kristin Chenoweth (1); Jurassic Park (1); Psycho in Concert (1); Silent Film: Nosferatu (1); Hocus Pocus (1); Alisa Weilerstein (1); Dionne Warwick (1)"
    },
    {
      "date": "2024-12-23",
      "fiscal_year": "FY25",
      "quintile": "jan-feb",
      "quintile_name": "Jan-Feb",
      "source_file": "2024.12.23 FY25 Ticket Sales Report.xlsx",
      "actual_revenue": 621974,
      "pct_budget": 47.2,
      "num_performances": 14,
      "budget": 1316490,
      "total_seats": 39059,
      "seats_sold": 9348,
      "capacity_pct": 23.9,
      "atp": 66.54,
      "programming": "Saint-Saens Organ/Pahud (1); Beethoven 7/Conrad Tao (SP) (1); Shosty 10/Gomyo (1); Pictures at an Exhibition (SP) (1); Piazza CS6 Beethoven 7 (1); Piazza CS8 Pictures (1); Disney's The Sound of Magic (1); Kings of Soul (1); Dan Brown's Wild Symphony (1); Harry Potter 1 (1); Casablanca (1); Emmanuel Pahud (1); Conrad Tao (1); Cody Fry (1)"
    },
    {
      "date": "2024-12-23",
      "fiscal_year": "FY25",
      "quintile": "mar-apr",
      "quintile_name": "Mar-Apr",
      "source_file": "2024.12.23 FY25 Ticket Sales Report.xlsx",
      "actual_revenue": 352026,
      "pct_budget": 36.1,
      "num_performances": 10,
      "budget": 974870,
      "total_seats": 27631,
      "seats_sold": 5269,
      "capacity_pct": 19.1,
      "atp": 66.81,
      "programming": "Prokofiev Romeo & Juliet (SP) (1); Tchaik Pathetique (SP) (1); Haydn/Britten/Mozart 23 (1); Piazza CS9 Prokofiev R&J (1); Piazza CS10 Tchaik 6 (1); Ultimate John Williams (1); Project Trio (1); How to Train Your Dragon (1); Jean-Yves Thibaudet (1); Ben Folds (1)"
    },
    {
      "date": "2024-12-23",
      "fiscal_year": "FY25",
      "quintile": "may-jun",
      "quintile_name": "May-Jun",
      "source_file": "2024.12.23 FY25 Ticket Sales Report.xlsx",
      "actual_revenue": 85250,
      "pct_budget": 16.2,
      "num_performances": 6,
      "budget": 524870,
      "total_seats": 21027,
      "seats_sold": 1557,
      "capacity_pct": 7.4,
      "atp": 54.75,
      "programming": "Miraculous Mandarin (1); Mahler 3 (1); Beethoven VC/Wagner (SP) (1); Piazza CS14 Wagner (1); Sailing Yacht Rock (1); Jaws (1)"
    },
    {
      "date": "2024-12-23",
      "fiscal_year": "FY25",
      "quintile": "nov-dec",
      "quintile_name": "Nov-Dec",
      "source_file": "2024.12.23 FY25 Ticket Sales Report.xlsx",
      "actual_revenue": 1544587,
      "pct_budget": 107,
      "num_performances": 10,
      "budget": 1444000,
      "total_seats": 32739,
      "seats_sold": 26129,
      "capacity_pct": 79.8,
      "atp": 59.11,
      "programming": "Mozart Requiem (SP) (1); Strauss' Alpine( SP) (1); Piazza CS3 Mozart Requiem (1); Piazza CS4 Alpine (1); Tubby the Tuba (1); Christmas Festival (1); Home Alone (1); Frozen (1); Handel's Messiah (1); Texas Tenors (1)"
    },
    {
      "date": "2024-12-23",
      "fiscal_year": "FY25",
      "quintile": "sep-oct",
      "quintile_name": "Sep-Oct",
      "source_file": "2024.12.23 FY25 Ticket Sales Report.xlsx",
      "actual_revenue": 960015,
      "pct_budget": 82.5,
      "num_performances": 9,
      "budget": 1163870,
      "total_seats": 27604,
      "seats_sold": 14772,
      "capacity_pct": 53.5,
      "atp": 64.99,
      "programming": "Stravinsky's Firebird (1); Mendels Scottish/Shaham (1); Kristin Chenoweth (1); Jurassic Park (1); Psycho in Concert (1); Silent Film: Nosferatu (1); Hocus Pocus (1); Alisa Weilerstein (1); Dionne Warwick (1)"
    },
    {
      "date": "2024-12-30",
      "fiscal_year": "FY25",
      "quintile": "jan-feb",
      "quintile_name": "Jan-Feb",
      "source_file": "2024.12.30 FY25 Ticket Sales Report.xlsx",
      "actual_revenue": 727524,
      "pct_budget": 55.3,
      "num_performances": 14,
      "budget": 1316490,
      "total_seats": 39059,
      "seats_sold": 10783,
      "capacity_pct": 27.6,
      "atp": 67.47,
      "programming": "Saint-Saens Organ/Pahud (1); Beethoven 7/Conrad Tao (SP) (1); Shosty 10/Gomyo (1); Pictures at an Exhibition (SP) (1); Piazza CS6 Beethoven 7 (1); Piazza CS8 Pictures (1); Disney's The Sound of Magic (1); Kings of Soul (1); Dan Brown's Wild Symphony (1); Harry Potter 1 (1); Casablanca (1); Emmanuel Pahud (1); Conrad Tao (1); Cody Fry (1)"
    },
    {
      "date": "2024-12-30",
      "fiscal_year": "FY25",
      "quintile": "mar-apr",
      "quintile_name": "Mar-Apr",
      "source_file": "2024.12.30 FY25 Ticket Sales Report.xlsx",
      "actual_revenue": 377598,
      "pct_budget": 38.7,
      "num_performances": 10,
      "budget": 974870,
      "total_seats": 27631,
      "seats_sold": 5630,
      "capacity_pct": 20.4,
      "atp": 67.07,
      "programming": "Prokofiev Romeo & Juliet (SP) (1); Tchaik Pathetique (SP) (1); Haydn/Britten/Mozart 23 (1); Piazza CS9 Prokofiev R&J (1); Piazza CS10 Tchaik 6 (1); Ultimate John Williams (1); Project Trio (1); How to Train Your Dragon (1); Jean-Yves Thibaudet (1); Ben Folds (1)"
    },
    {
      "date": "2024-12-30",
      "fiscal_year": "FY25",
      "quintile": "may-jun",
      "quintile_name": "May-Jun",
      "source_file": "2024.12.30 FY25 Ticket Sales Report.xlsx",
      "actual_revenue": 91712,
      "pct_budget": 17.5,
      "num_performances": 6,
      "budget": 524870,
      "total_seats": 21027,
      "seats_sold": 1651,
      "capacity_pct": 7.9,
      "atp": 55.55,
      "programming": "Miraculous Mandarin (1); Mahler 3 (1); Beethoven VC/Wagner (SP) (1); Piazza CS14 Wagner (1); Sailing Yacht Rock (1); Jaws (1)"
    },
    {
      "date": "2024-12-30",
      "fiscal_year": "FY25",
      "quintile": "nov-dec",
      "quintile_name": "Nov-Dec",
      "source_file": "2024.12.30 FY25 Ticket Sales Report.xlsx",
      "actual_revenue": 1547449,
      "pct_budget": 107.2,
      "num_performances": 10,
      "budget": 1444000,
      "total_seats": 32739,
      "seats_sold": 26135,
      "capacity_pct": 79.8,
      "atp": 59.21,
      "programming": "Mozart Requiem (SP) (1); Strauss' Alpine( SP) (1); Piazza CS3 Mozart Requiem (1); Piazza CS4 Alpine (1); Tubby the Tuba (1); Christmas Festival (1); Home Alone (1); Frozen (1); Handel's Messiah (1); Texas Tenors (1)"
    },
    {
      "date": "2024-12-30",
      "fiscal_year": "FY25",
      "quintile": "sep-oct",
      "quintile_name": "Sep-Oct",
      "source_file": "2024.12.30 FY25 Ticket Sales Report.xlsx",
      "actual_revenue": 960015,
      "pct_budget": 82.5,
      "num_performances": 9,
      "budget": 1163870,
      "total_seats": 27604,
      "seats_sold": 14772,
      "capacity_pct": 53.5,
      "atp": 64.99,
      "programming": "Stravinsky's Firebird (1); Mendels Scottish/Shaham (1); Kristin Chenoweth (1); Jurassic Park (1); Psycho in Concert (1); Silent Film: Nosferatu (1); Hocus Pocus (1); Alisa Weilerstein (1); Dionne Warwick (1)"
    },
    {
      "date": "2025-01-06",
      "fiscal_year": "FY25",
      "quintile": "jan-feb",
      "quintile_name": "Jan-Feb",
      "source_file": "2025.01.06 FY25 Ticket Sales Report.xlsx",
      "actual_revenue": 809549,
      "pct_budget": 61.5,
      "num_performances": 14,
      "budget": 1316490,
      "total_seats": 39059,
      "seats_sold": 11886,
      "capacity_pct": 30.4,
      "atp": 68.11,
      "programming": "Saint-Saens Organ/Pahud (1); Beethoven 7/Conrad Tao (SP) (1); Shosty 10/Gomyo (1); Pictures at an Exhibition (SP) (1); Piazza CS6 Beethoven 7 (1); Piazza CS8 Pictures (1); Disney's The Sound of Magic (1); Kings of Soul (1); Dan Brown's Wild Symphony (1); Harry Potter 1 (1); Casablanca (1); Emmanuel Pahud (1); Conrad Tao (1); Cody Fry (1)"
    },
    {
      "date": "2025-01-06",
      "fiscal_year": "FY25",
      "quintile": "mar-apr",
      "quintile_name": "Mar-Apr",
      "source_file": "2025.01.06 FY25 Ticket Sales Report.xlsx",
      "actual_revenue": 407830,
      "pct_budget": 37,
      "num_performances": 11,
      "budget": 1102870,
      "total_seats": 29206,
      "seats_sold": 6068,
      "capacity_pct": 20.8,
      "atp": 67.21,
      "programming": "Prokofiev Romeo & Juliet (SP) (1); Tchaik Pathetique (SP) (1); Haydn/Britten/Mozart 23 (1); Piazza CS9 Prokofiev R&J (1); Piazza CS10 Tchaik 6 (1); Ultimate John Williams (1); Project Trio (1); How to Train Your Dragon (1); Jean-Yves Thibaudet (1); Ben Folds (1); Decades: Back to the 80s (1)"
    },
    {
      "date": "2025-01-06",
      "fiscal_year": "FY25",
      "quintile": "may-jun",
      "quintile_name": "May-Jun",
      "source_file": "2025.01.06 FY25 Ticket Sales Report.xlsx",
      "actual_revenue": 94942,
      "pct_budget": 18.1,
      "num_performances": 6,
      "budget": 524870,
      "total_seats": 21027,
      "seats_sold": 1696,
      "capacity_pct": 8.1,
      "atp": 55.98,
      "programming": "Miraculous Mandarin (1); Mahler 3 (1); Beethoven VC/Wagner (SP) (1); Piazza CS14 Wagner (1); Sailing Yacht Rock (1); Jaws (1)"
    },
    {
      "date": "2025-01-06",
      "fiscal_year": "FY25",
      "quintile": "nov-dec",
      "quintile_name": "Nov-Dec",
      "source_file": "2025.01.06 FY25 Ticket Sales Report.xlsx",
      "actual_revenue": 1547449,
      "pct_budget": 107.2,
      "num_performances": 10,
      "budget": 1444000,
      "total_seats": 32739,
      "seats_sold": 26135,
      "capacity_pct": 79.8,
      "atp": 59.21,
      "programming": "Mozart Requiem (SP) (1); Strauss' Alpine( SP) (1); Piazza CS3 Mozart Requiem (1); Piazza CS4 Alpine (1); Tubby the Tuba (1); Christmas Festival (1); Home Alone (1); Frozen (1); Handel's Messiah (1); Texas Tenors (1)"
    },
    {
      "date": "2025-01-06",
      "fiscal_year": "FY25",
      "quintile": "sep-oct",
      "quintile_name": "Sep-Oct",
      "source_file": "2025.01.06 FY25 Ticket Sales Report.xlsx",
      "actual_revenue": 960015,
      "pct_budget": 82.5,
      "num_performances": 9,
      "budget": 1163870,
      "total_seats": 27604,
      "seats_sold": 14772,
      "capacity_pct": 53.5,
      "atp": 64.99,
      "programming": "Stravinsky's Firebird (1); Mendels Scottish/Shaham (1); Kristin Chenoweth (1); Jurassic Park (1); Psycho in Concert (1); Silent Film: Nosferatu (1); Hocus Pocus (1); Alisa Weilerstein (1); Dionne Warwick (1)"
    },
    {
      "date": "2025-01-13",
      "fiscal_year": "FY25",
      "quintile": "jan-feb",
      "quintile_name": "Jan-Feb",
      "source_file": "2025.01.13 FY25 Ticket Sales Report.xlsx",
      "actual_revenue": 889524,
      "pct_budget": 67.6,
      "num_performances": 14,
      "budget": 1316490,
      "total_seats": 39059,
      "seats_sold": 12984,
      "capacity_pct": 33.2,
      "atp": 68.51,
      "programming": "Saint-Saens Organ/Pahud (1); Beethoven 7/Conrad Tao (SP) (1); Shosty 10/Gomyo (1); Pictures at an Exhibition (SP) (1); Piazza CS6 Beethoven 7 (1); Piazza CS8 Pictures (1); Disney's The Sound of Magic (1); Kings of Soul (1); Dan Brown's Wild Symphony (1); Harry Potter 1 (1); Casablanca (1); Emmanuel Pahud (1); Conrad Tao (1); Cody Fry (1)"
    },
    {
      "date": "2025-01-13",
      "fiscal_year": "FY25",
      "quintile": "mar-apr",
      "quintile_name": "Mar-Apr",
      "source_file": "2025.01.13 FY25 Ticket Sales Report.xlsx",
      "actual_revenue": 443696,
      "pct_budget": 40.2,
      "num_performances": 11,
      "budget": 1102870,
      "total_seats": 29206,
      "seats_sold": 6577,
      "capacity_pct": 22.5,
      "atp": 67.46,
      "programming": "Prokofiev Romeo & Juliet (SP) (1); Tchaik Pathetique (SP) (1); Haydn/Britten/Mozart 23 (1); Piazza CS9 Prokofiev R&J (1); Piazza CS10 Tchaik 6 (1); Ultimate John Williams (1); Project Trio (1); How to Train Your Dragon (1); Jean-Yves Thibaudet (1); Ben Folds (1); Decades: Back to the 80s (1)"
    },
    {
      "date": "2025-01-13",
      "fiscal_year": "FY25",
      "quintile": "may-jun",
      "quintile_name": "May-Jun",
      "source_file": "2025.01.13 FY25 Ticket Sales Report.xlsx",
      "actual_revenue": 100732,
      "pct_budget": 19.2,
      "num_performances": 6,
      "budget": 524870,
      "total_seats": 21027,
      "seats_sold": 1771,
      "capacity_pct": 8.4,
      "atp": 56.88,
      "programming": "Miraculous Mandarin (1); Mahler 3 (1); Beethoven VC/Wagner (SP) (1); Piazza CS14 Wagner (1); Sailing Yacht Rock (1); Jaws (1)"
    },
    {
      "date": "2025-01-13",
      "fiscal_year": "FY25",
      "quintile": "nov-dec",
      "quintile_name": "Nov-Dec",
      "source_file": "2025.01.13 FY25 Ticket Sales Report.xlsx",
      "actual_revenue": 1547449,
      "pct_budget": 107.2,
      "num_performances": 10,
      "budget": 1444000,
      "total_seats": 32739,
      "seats_sold": 26135,
      "capacity_pct": 79.8,
      "atp": 59.21,
      "programming": "Mozart Requiem (SP) (1); Strauss' Alpine( SP) (1); Piazza CS3 Mozart Requiem (1); Piazza CS4 Alpine (1); Tubby the Tuba (1); Christmas Festival (1); Home Alone (1); Frozen (1); Handel's Messiah (1); Texas Tenors (1)"
    },
    {
      "date": "2025-01-13",
      "fiscal_year": "FY25",
      "quintile": "sep-oct",
      "quintile_name": "Sep-Oct",
      "source_file": "2025.01.13 FY25 Ticket Sales Report.xlsx",
      "actual_revenue": 960015,
      "pct_budget": 82.5,
      "num_performances": 9,
      "budget": 1163870,
      "total_seats": 27604,
      "seats_sold": 14772,
      "capacity_pct": 53.5,
      "atp": 64.99,
      "programming": "Stravinsky's Firebird (1); Mendels Scottish/Shaham (1); Kristin Chenoweth (1); Jurassic Park (1); Psycho in Concert (1); Silent Film: Nosferatu (1); Hocus Pocus (1); Alisa Weilerstein (1); Dionne Warwick (1)"
    },
    {
      "date": "2025-01-20",
      "fiscal_year": "FY25",
      "quintile": "jan-feb",
      "quintile_name": "Jan-Feb",
      "source_file": "2025.01.20 FY25 Ticket Sales Report.xlsx",
      "actual_revenue": 955980,
      "pct_budget": 72.6,
      "num_performances": 14,
      "budget": 1316490,
      "total_seats": 39059,
      "seats_sold": 14426,
      "capacity_pct": 36.9,
      "atp": 66.27,
      "programming": "Saint-Saens Organ/Pahud (1); Beethoven 7/Conrad Tao (SP) (1); Shosty 10/Gomyo (1); Pictures at an Exhibition (SP) (1); Piazza CS6 Beethoven 7 (1); Piazza CS8 Pictures (1); Disney's The Sound of Magic (1); Kings of Soul (1); Dan Brown's Wild Symphony (1); Harry Potter 1 (1); Casablanca (1); Emmanuel Pahud (1); Conrad Tao (1); Cody Fry (1)"
    },
    {
      "date": "2025-01-20",
      "fiscal_year": "FY25",
      "quintile": "mar-apr",
      "quintile_name": "Mar-Apr",
      "source_file": "2025.01.20 FY25 Ticket Sales Report.xlsx",
      "actual_revenue": 476120,
      "pct_budget": 43.2,
      "num_performances": 11,
      "budget": 1102870,
      "total_seats": 29206,
      "seats_sold": 7077,
      "capacity_pct": 24.2,
      "atp": 67.28,
      "programming": "Prokofiev Romeo & Juliet (SP) (1); Tchaik Pathetique (SP) (1); Haydn/Britten/Mozart 23 (1); Piazza CS9 Prokofiev R&J (1); Piazza CS10 Tchaik 6 (1); Ultimate John Williams (1); Project Trio (1); How to Train Your Dragon (1); Jean-Yves Thibaudet (1); Ben Folds (1); Decades: Back to the 80s (1)"
    },
    {
      "date": "2025-01-20",
      "fiscal_year": "FY25",
      "quintile": "may-jun",
      "quintile_name": "May-Jun",
      "source_file": "2025.01.20 FY25 Ticket Sales Report.xlsx",
      "actual_revenue": 106575,
      "pct_budget": 20.3,
      "num_performances": 6,
      "budget": 524870,
      "total_seats": 21027,
      "seats_sold": 1865,
      "capacity_pct": 8.9,
      "atp": 57.14,
      "programming": "Miraculous Mandarin (1); Mahler 3 (1); Beethoven VC/Wagner (SP) (1); Piazza CS14 Wagner (1); Sailing Yacht Rock (1); Jaws (1)"
    },
    {
      "date": "2025-01-20",
      "fiscal_year": "FY25",
      "quintile": "nov-dec",
      "quintile_name": "Nov-Dec",
      "source_file": "2025.01.20 FY25 Ticket Sales Report.xlsx",
      "actual_revenue": 1547449,
      "pct_budget": 107.2,
      "num_performances": 10,
      "budget": 1444000,
      "total_seats": 32739,
      "seats_sold": 26135,
      "capacity_pct": 79.8,
      "atp": 59.21,
      "programming": "Mozart Requiem (SP) (1); Strauss' Alpine( SP) (1); Piazza CS3 Mozart Requiem (1); Piazza CS4 Alpine (1); Tubby the Tuba (1); Christmas Festival (1); Home Alone (1); Frozen (1); Handel's Messiah (1); Texas Tenors (1)"
    },
    {
      "date": "2025-01-20",
      "fiscal_year": "FY25",
      "quintile": "sep-oct",
      "quintile_name": "Sep-Oct",
      "source_file": "2025.01.20 FY25 Ticket Sales Report.xlsx",
      "actual_revenue": 960015,
      "pct_budget": 82.5,
      "num_performances": 9,
      "budget": 1163870,
      "total_seats": 27604,
      "seats_sold": 14772,
      "capacity_pct": 53.5,
      "atp": 64.99,
      "programming": "Stravinsky's Firebird (1); Mendels Scottish/Shaham (1); Kristin Chenoweth (1); Jurassic Park (1); Psycho in Concert (1); Silent Film: Nosferatu (1); Hocus Pocus (1); Alisa Weilerstein (1); Dionne Warwick (1)"
    },
    {
      "date": "2025-01-27",
      "fiscal_year": "FY25",
      "quintile": "jan-feb",
      "quintile_name": "Jan-Feb",
      "source_file": "2025.01.27 FY25 Ticket Sales Report.xlsx",
      "actual_revenue": 1021888,
      "pct_budget": 77.6,
      "num_performances": 14,
      "budget": 1316490,
      "total_seats": 39059,
      "seats_sold": 15727,
      "capacity_pct": 40.3,
      "atp": 64.98,
      "programming": "Saint-Saens Organ/Pahud (1); Beethoven 7/Conrad Tao (SP) (1); Shosty 10/Gomyo (1); Pictures at an Exhibition (SP) (1); Piazza CS6 Beethoven 7 (1); Piazza CS8 Pictures (1); Disney's The Sound of Magic (1); Kings of Soul (1); Dan Brown's Wild Symphony (1); Harry Potter 1 (1); Casablanca (1); Emmanuel Pahud (1); Conrad Tao (1); Cody Fry (1)"
    },
    {
      "date": "2025-01-27",
      "fiscal_year": "FY25",
      "quintile": "mar-apr",
      "quintile_name": "Mar-Apr",
      "source_file": "2025.01.27 FY25 Ticket Sales Report.xlsx",
      "actual_revenue": 510097,
      "pct_budget": 46.3,
      "num_performances": 11,
      "budget": 1102870,
      "total_seats": 29206,
      "seats_sold": 7534,
      "capacity_pct": 25.8,
      "atp": 67.71,
      "programming": "Prokofiev Romeo & Juliet (SP) (1); Tchaik Pathetique (SP) (1); Haydn/Britten/Mozart 23 (1); Piazza CS9 Prokofiev R&J (1); Piazza CS10 Tchaik 6 (1); Ultimate John Williams (1); Project Trio (1); How to Train Your Dragon (1); Jean-Yves Thibaudet (1); Ben Folds (1); Decades: Back to the 80s (1)"
    },
    {
      "date": "2025-01-27",
      "fiscal_year": "FY25",
      "quintile": "may-jun",
      "quintile_name": "May-Jun",
      "source_file": "2025.01.27 FY25 Ticket Sales Report.xlsx",
      "actual_revenue": 109877,
      "pct_budget": 20.9,
      "num_performances": 6,
      "budget": 524870,
      "total_seats": 21027,
      "seats_sold": 1930,
      "capacity_pct": 9.2,
      "atp": 56.93,
      "programming": "Miraculous Mandarin (1); Mahler 3 (1); Beethoven VC/Wagner (SP) (1); Piazza CS14 Wagner (1); Sailing Yacht Rock (1); Jaws (1)"
    },
    {
      "date": "2025-01-27",
      "fiscal_year": "FY25",
      "quintile": "nov-dec",
      "quintile_name": "Nov-Dec",
      "source_file": "2025.01.27 FY25 Ticket Sales Report.xlsx",
      "actual_revenue": 1547449,
      "pct_budget": 107.2,
      "num_performances": 10,
      "budget": 1444000,
      "total_seats": 32739,
      "seats_sold": 26135,
      "capacity_pct": 79.8,
      "atp": 59.21,
      "programming": "Mozart Requiem (SP) (1); Strauss' Alpine( SP) (1); Piazza CS3 Mozart Requiem (1); Piazza CS4 Alpine (1); Tubby the Tuba (1); Christmas Festival (1); Home Alone (1); Frozen (1); Handel's Messiah (1); Texas Tenors (1)"
    },
    {
      "date": "2025-01-27",
      "fiscal_year": "FY25",
      "quintile": "sep-oct",
      "quintile_name": "Sep-Oct",
      "source_file": "2025.01.27 FY25 Ticket Sales Report.xlsx",
      "actual_revenue": 960015,
      "pct_budget": 82.5,
      "num_performances": 9,
      "budget": 1163870,
      "total_seats": 27604,
      "seats_sold": 14772,
      "capacity_pct": 53.5,
      "atp": 64.99,
      "programming": "Stravinsky's Firebird (1); Mendels Scottish/Shaham (1); Kristin Chenoweth (1); Jurassic Park (1); Psycho in Concert (1); Silent Film: Nosferatu (1); Hocus Pocus (1); Alisa Weilerstein (1); Dionne Warwick (1)"
    },
    {
      "date": "2025-02-03",
      "fiscal_year": "FY25",
      "quintile": "jan-feb",
      "quintile_name": "Jan-Feb",
      "source_file": "2025.02.03 FY25 Ticket Sales Report.xlsx",
      "actual_revenue": 1097219,
      "pct_budget": 83.3,
      "num_performances": 14,
      "budget": 1316490,
      "total_seats": 39059,
      "seats_sold": 16890,
      "capacity_pct": 43.2,
      "atp": 64.96,
      "programming": "Saint-Saens Organ/Pahud (1); Beethoven 7/Conrad Tao (SP) (1); Shosty 10/Gomyo (1); Pictures at an Exhibition (SP) (1); Piazza CS6 Beethoven 7 (1); Piazza CS8 Pictures (1); Disney's The Sound of Magic (1); Kings of Soul (1); Dan Brown's Wild Symphony (1); Harry Potter 1 (1); Casablanca (1); Emmanuel Pahud (1); Conrad Tao (1); Cody Fry (1)"
    },
    {
      "date": "2025-02-03",
      "fiscal_year": "FY25",
      "quintile": "mar-apr",
      "quintile_name": "Mar-Apr",
      "source_file": "2025.02.03 FY25 Ticket Sales Report.xlsx",
      "actual_revenue": 550114,
      "pct_budget": 49.9,
      "num_performances": 11,
      "budget": 1102870,
      "total_seats": 29206,
      "seats_sold": 8105,
      "capacity_pct": 27.8,
      "atp": 67.87,
      "programming": "Prokofiev Romeo & Juliet (SP) (1); Tchaik Pathetique (SP) (1); Haydn/Britten/Mozart 23 (1); Piazza CS9 Prokofiev R&J (1); Piazza CS10 Tchaik 6 (1); Ultimate John Williams (1); Project Trio (1); How to Train Your Dragon (1); Jean-Yves Thibaudet (1); Ben Folds (1); Decades: Back to the 80s (1)"
    },
    {
      "date": "2025-02-03",
      "fiscal_year": "FY25",
      "quintile": "may-jun",
      "quintile_name": "May-Jun",
      "source_file": "2025.02.03 FY25 Ticket Sales Report.xlsx",
      "actual_revenue": 117916,
      "pct_budget": 22.5,
      "num_performances": 6,
      "budget": 524870,
      "total_seats": 21027,
      "seats_sold": 2048,
      "capacity_pct": 9.7,
      "atp": 57.58,
      "programming": "Miraculous Mandarin (1); Mahler 3 (1); Beethoven VC/Wagner (SP) (1); Piazza CS14 Wagner (1); Sailing Yacht Rock (1); Jaws (1)"
    },
    {
      "date": "2025-02-03",
      "fiscal_year": "FY25",
      "quintile": "nov-dec",
      "quintile_name": "Nov-Dec",
      "source_file": "2025.02.03 FY25 Ticket Sales Report.xlsx",
      "actual_revenue": 1547449,
      "pct_budget": 107.2,
      "num_performances": 10,
      "budget": 1444000,
      "total_seats": 32739,
      "seats_sold": 26135,
      "capacity_pct": 79.8,
      "atp": 59.21,
      "programming": "Mozart Requiem (SP) (1); Strauss' Alpine( SP) (1); Piazza CS3 Mozart Requiem (1); Piazza CS4 Alpine (1); Tubby the Tuba (1); Christmas Festival (1); Home Alone (1); Frozen (1); Handel's Messiah (1); Texas Tenors (1)"
    },
    {
      "date": "2025-02-03",
      "fiscal_year": "FY25",
      "quintile": "sep-oct",
      "quintile_name": "Sep-Oct",
      "source_file": "2025.02.03 FY25 Ticket Sales Report.xlsx",
      "actual_revenue": 960015,
      "pct_budget": 82.5,
      "num_performances": 9,
      "budget": 1163870,
      "total_seats": 27604,
      "seats_sold": 14772,
      "capacity_pct": 53.5,
      "atp": 64.99,
      "programming": "Stravinsky's Firebird (1); Mendels Scottish/Shaham (1); Kristin Chenoweth (1); Jurassic Park (1); Psycho in Concert (1); Silent Film: Nosferatu (1); Hocus Pocus (1); Alisa Weilerstein (1); Dionne Warwick (1)"
    },
    {
      "date": "2025-02-10",
      "fiscal_year": "FY25",
      "quintile": "jan-feb",
      "quintile_name": "Jan-Feb",
      "source_file": "2025.02.10 FY25 Ticket Sales Report.xlsx",
      "actual_revenue": 1170794,
      "pct_budget": 88.9,
      "num_performances": 14,
      "budget": 1316490,
      "total_seats": 39059,
      "seats_sold": 18439,
      "capacity_pct": 47.2,
      "atp": 63.5,
      "programming": "Saint-Saens Organ/Pahud (1); Beethoven 7/Conrad Tao (SP) (1); Shosty 10/Gomyo (1); Pictures at an Exhibition (SP) (1); Piazza CS6 Beethoven 7 (1); Piazza CS8 Pictures (1); Disney's The Sound of Magic (1); Kings of Soul (1); Dan Brown's Wild Symphony (1); Harry Potter 1 (1); Casablanca (1); Emmanuel Pahud (1); Conrad Tao (1); Cody Fry (1)"
    },
    {
      "date": "2025-02-10",
      "fiscal_year": "FY25",
      "quintile": "mar-apr",
      "quintile_name": "Mar-Apr",
      "source_file": "2025.02.10 FY25 Ticket Sales Report.xlsx",
      "actual_revenue": 607469,
      "pct_budget": 55.1,
      "num_performances": 11,
      "budget": 1102870,
      "total_seats": 29206,
      "seats_sold": 9005,
      "capacity_pct": 30.8,
      "atp": 67.46,
      "programming": "Prokofiev Romeo & Juliet (SP) (1); Tchaik Pathetique (SP) (1); Haydn/Britten/Mozart 23 (1); Piazza CS9 Prokofiev R&J (1); Piazza CS10 Tchaik 6 (1); Ultimate John Williams (1); Project Trio (1); How to Train Your Dragon (1); Jean-Yves Thibaudet (1); Ben Folds (1); Decades: Back to the 80s (1)"
    },
    {
      "date": "2025-02-10",
      "fiscal_year": "FY25",
      "quintile": "may-jun",
      "quintile_name": "May-Jun",
      "source_file": "2025.02.10 FY25 Ticket Sales Report.xlsx",
      "actual_revenue": 123823,
      "pct_budget": 23.6,
      "num_performances": 6,
      "budget": 524870,
      "total_seats": 21027,
      "seats_sold": 2138,
      "capacity_pct": 10.2,
      "atp": 57.92,
      "programming": "Miraculous Mandarin (1); Mahler 3 (1); Beethoven VC/Wagner (SP) (1); Piazza CS14 Wagner (1); Sailing Yacht Rock (1); Jaws (1)"
    },
    {
      "date": "2025-02-10",
      "fiscal_year": "FY25",
      "quintile": "nov-dec",
      "quintile_name": "Nov-Dec",
      "source_file": "2025.02.10 FY25 Ticket Sales Report.xlsx",
      "actual_revenue": 1547449,
      "pct_budget": 107.2,
      "num_performances": 10,
      "budget": 1444000,
      "total_seats": 32739,
      "seats_sold": 26135,
      "capacity_pct": 79.8,
      "atp": 59.21,
      "programming": "Mozart Requiem (SP) (1); Strauss' Alpine( SP) (1); Piazza CS3 Mozart Requiem (1); Piazza CS4 Alpine (1); Tubby the Tuba (1); Christmas Festival (1); Home Alone (1); Frozen (1); Handel's Messiah (1); Texas Tenors (1)"
    },
    {
      "date": "2025-02-10",
      "fiscal_year": "FY25",
      "quintile": "sep-oct",
      "quintile_name": "Sep-Oct",
      "source_file": "2025.02.10 FY25 Ticket Sales Report.xlsx",
      "actual_revenue": 960015,
      "pct_budget": 82.5,
      "num_performances": 9,
      "budget": 1163870,
      "total_seats": 27604,
      "seats_sold": 14772,
      "capacity_pct": 53.5,
      "atp": 64.99,
      "programming": "Stravinsky's Firebird (1); Mendels Scottish/Shaham (1); Kristin Chenoweth (1); Jurassic Park (1); Psycho in Concert (1); Silent Film: Nosferatu (1); Hocus Pocus (1); Alisa Weilerstein (1); Dionne Warwick (1)"
    },
    {
      "date": "2025-02-17",
      "fiscal_year": "FY25",
      "quintile": "jan-feb",
      "quintile_name": "Jan-Feb",
      "source_file": "2025.02.17 FY25 Ticket Sales Report.xlsx",
      "actual_revenue": 1215954,
      "pct_budget": 92.4,
      "num_performances": 14,
      "budget": 1316490,
      "total_seats": 39059,
      "seats_sold": 19123,
      "capacity_pct": 49,
      "atp": 63.59,
      "programming": "Saint-Saens Organ/Pahud (1); Beethoven 7/Conrad Tao (SP) (1); Shosty 10/Gomyo (1); Pictures at an Exhibition (SP) (1); Piazza CS6 Beethoven 7 (1); Piazza CS8 Pictures (1); Disney's The Sound of Magic (1); Kings of Soul (1); Dan Brown's Wild Symphony (1); Harry Potter 1 (1); Casablanca (1); Emmanuel Pahud (1); Conrad Tao (1); Cody Fry (1)"
    },
    {
      "date": "2025-02-17",
      "fiscal_year": "FY25",
      "quintile": "mar-apr",
      "quintile_name": "Mar-Apr",
      "source_file": "2025.02.17 FY25 Ticket Sales Report.xlsx",
      "actual_revenue": 702786,
      "pct_budget": 63.7,
      "num_performances": 11,
      "budget": 1102870,
      "total_seats": 30514,
      "seats_sold": 10377,
      "capacity_pct": 34,
      "atp": 67.73,
      "programming": "Prokofiev Romeo & Juliet (SP) (1); Tchaik Pathetique (SP) (1); Haydn/Britten/Mozart 23 (1); Piazza CS9 Prokofiev R&J (1); Piazza CS10 Tchaik 6 (1); Ultimate John Williams (1); Project Trio (1); How to Train Your Dragon (1); Jean-Yves Thibaudet (1); Ben Folds (1); Decades: Back to the 80s (1)"
    },
    {
      "date": "2025-02-17",
      "fiscal_year": "FY25",
      "quintile": "may-jun",
      "quintile_name": "May-Jun",
      "source_file": "2025.02.17 FY25 Ticket Sales Report.xlsx",
      "actual_revenue": 133837,
      "pct_budget": 25.5,
      "num_performances": 6,
      "budget": 524870,
      "total_seats": 21027,
      "seats_sold": 2284,
      "capacity_pct": 10.9,
      "atp": 58.6,
      "programming": "Miraculous Mandarin (1); Mahler 3 (1); Beethoven VC/Wagner (SP) (1); Piazza CS14 Wagner (1); Sailing Yacht Rock (1); Jaws (1)"
    },
    {
      "date": "2025-02-17",
      "fiscal_year": "FY25",
      "quintile": "nov-dec",
      "quintile_name": "Nov-Dec",
      "source_file": "2025.02.17 FY25 Ticket Sales Report.xlsx",
      "actual_revenue": 1547449,
      "pct_budget": 107.2,
      "num_performances": 10,
      "budget": 1444000,
      "total_seats": 32739,
      "seats_sold": 26135,
      "capacity_pct": 79.8,
      "atp": 59.21,
      "programming": "Mozart Requiem (SP) (1); Strauss' Alpine( SP) (1); Piazza CS3 Mozart Requiem (1); Piazza CS4 Alpine (1); Tubby the Tuba (1); Christmas Festival (1); Home Alone (1); Frozen (1); Handel's Messiah (1); Texas Tenors (1)"
    },
    {
      "date": "2025-02-17",
      "fiscal_year": "FY25",
      "quintile": "sep-oct",
      "quintile_name": "Sep-Oct",
      "source_file": "2025.02.17 FY25 Ticket Sales Report.xlsx",
      "actual_revenue": 960015,
      "pct_budget": 82.5,
      "num_performances": 9,
      "budget": 1163870,
      "total_seats": 27604,
      "seats_sold": 14772,
      "capacity_pct": 53.5,
      "atp": 64.99,
      "programming": "Stravinsky's Firebird (1); Mendels Scottish/Shaham (1); Kristin Chenoweth (1); Jurassic Park (1); Psycho in Concert (1); Silent Film: Nosferatu (1); Hocus Pocus (1); Alisa Weilerstein (1); Dionne Warwick (1)"
    },
    {
      "date": "2025-02-24",
      "fiscal_year": "FY25",
      "quintile": "jan-feb",
      "quintile_name": "Jan-Feb",
      "source_file": "2025.02.24 FY25 Ticket Sales Report.xlsx",
      "actual_revenue": 1241179,
      "pct_budget": 94.3,
      "num_performances": 14,
      "budget": 1316490,
      "total_seats": 39059,
      "seats_sold": 20000,
      "capacity_pct": 51.2,
      "atp": 62.06,
      "programming": "Saint-Saens Organ/Pahud (1); Beethoven 7/Conrad Tao (SP) (1); Shosty 10/Gomyo (1); Pictures at an Exhibition (SP) (1); Piazza CS6 Beethoven 7 (1); Piazza CS8 Pictures (1); Disney's The Sound of Magic (1); Kings of Soul (1); Dan Brown's Wild Symphony (1); Harry Potter 1 (1); Casablanca (1); Emmanuel Pahud (1); Conrad Tao (1); Cody Fry (1)"
    },
    {
      "date": "2025-02-24",
      "fiscal_year": "FY25",
      "quintile": "mar-apr",
      "quintile_name": "Mar-Apr",
      "source_file": "2025.02.24 FY25 Ticket Sales Report.xlsx",
      "actual_revenue": 818365,
      "pct_budget": 74.2,
      "num_performances": 11,
      "budget": 1102870,
      "total_seats": 30514,
      "seats_sold": 11804,
      "capacity_pct": 38.7,
      "atp": 69.33,
      "programming": "Prokofiev Romeo & Juliet (SP) (1); Tchaik Pathetique (SP) (1); Haydn/Britten/Mozart 23 (1); Piazza CS9 Prokofiev R&J (1); Piazza CS10 Tchaik 6 (1); Ultimate John Williams (1); Project Trio (1); How to Train Your Dragon (1); Jean-Yves Thibaudet (1); Ben Folds (1); Decades: Back to the 80s (1)"
    },
    {
      "date": "2025-02-24",
      "fiscal_year": "FY25",
      "quintile": "may-jun",
      "quintile_name": "May-Jun",
      "source_file": "2025.02.24 FY25 Ticket Sales Report.xlsx",
      "actual_revenue": 146086,
      "pct_budget": 27.8,
      "num_performances": 6,
      "budget": 524870,
      "total_seats": 21027,
      "seats_sold": 2470,
      "capacity_pct": 11.7,
      "atp": 59.14,
      "programming": "Miraculous Mandarin (1); Mahler 3 (1); Beethoven VC/Wagner (SP) (1); Piazza CS14 Wagner (1); Sailing Yacht Rock (1); Jaws (1)"
    },
    {
      "date": "2025-02-24",
      "fiscal_year": "FY25",
      "quintile": "nov-dec",
      "quintile_name": "Nov-Dec",
      "source_file": "2025.02.24 FY25 Ticket Sales Report.xlsx",
      "actual_revenue": 1547449,
      "pct_budget": 107.2,
      "num_performances": 10,
      "budget": 1444000,
      "total_seats": 32739,
      "seats_sold": 26135,
      "capacity_pct": 79.8,
      "atp": 59.21,
      "programming": "Mozart Requiem (SP) (1); Strauss' Alpine( SP) (1); Piazza CS3 Mozart Requiem (1); Piazza CS4 Alpine (1); Tubby the Tuba (1); Christmas Festival (1); Home Alone (1); Frozen (1); Handel's Messiah (1); Texas Tenors (1)"
    },
    {
      "date": "2025-02-24",
      "fiscal_year": "FY25",
      "quintile": "sep-oct",
      "quintile_name": "Sep-Oct",
      "source_file": "2025.02.24 FY25 Ticket Sales Report.xlsx",
      "actual_revenue": 960015,
      "pct_budget": 82.5,
      "num_performances": 9,
      "budget": 1163870,
      "total_seats": 27604,
      "seats_sold": 14772,
      "capacity_pct": 53.5,
      "atp": 64.99,
      "programming": "Stravinsky's Firebird (1); Mendels Scottish/Shaham (1); Kristin Chenoweth (1); Jurassic Park (1); Psycho in Concert (1); Silent Film: Nosferatu (1); Hocus Pocus (1); Alisa Weilerstein (1); Dionne Warwick (1)"
    },
    {
      "date": "2025-03-03",
      "fiscal_year": "FY25",
      "quintile": "jan-feb",
      "quintile_name": "Jan-Feb",
      "source_file": "2025.03.03 FY25 Ticket Sales Report.xlsx",
      "actual_revenue": 1250134,
      "pct_budget": 95,
      "num_performances": 14,
      "budget": 1316490,
      "total_seats": 39059,
      "seats_sold": 20108,
      "capacity_pct": 51.5,
      "atp": 62.17,
      "programming": "Saint-Saens Organ/Pahud (1); Beethoven 7/Conrad Tao (SP) (1); Shosty 10/Gomyo (1); Pictures at an Exhibition (SP) (1); Piazza CS6 Beethoven 7 (1); Piazza CS8 Pictures (1); Disney's The Sound of Magic (1); Kings of Soul (1); Dan Brown's Wild Symphony (1); Harry Potter 1 (1); Casablanca (1); Emmanuel Pahud (1); Conrad Tao (1); Cody Fry (1)"
    },
    {
      "date": "2025-03-03",
      "fiscal_year": "FY25",
      "quintile": "mar-apr",
      "quintile_name": "Mar-Apr",
      "source_file": "2025.03.03 FY25 Ticket Sales Report.xlsx",
      "actual_revenue": 886635,
      "pct_budget": 80.4,
      "num_performances": 11,
      "budget": 1102870,
      "total_seats": 30514,
      "seats_sold": 12877,
      "capacity_pct": 42.2,
      "atp": 68.85,
      "programming": "Prokofiev Romeo & Juliet (SP) (1); Tchaik Pathetique (SP) (1); Haydn/Britten/Mozart 23 (1); Piazza CS9 Prokofiev R&J (1); Piazza CS10 Tchaik 6 (1); Ultimate John Williams (1); Project Trio (1); How to Train Your Dragon (1); Jean-Yves Thibaudet (1); Ben Folds (1); Decades: Back to the 80s (1)"
    },
    {
      "date": "2025-03-03",
      "fiscal_year": "FY25",
      "quintile": "may-jun",
      "quintile_name": "May-Jun",
      "source_file": "2025.03.03 FY25 Ticket Sales Report.xlsx",
      "actual_revenue": 152584,
      "pct_budget": 29.1,
      "num_performances": 6,
      "budget": 524870,
      "total_seats": 21027,
      "seats_sold": 2565,
      "capacity_pct": 12.2,
      "atp": 59.49,
      "programming": "Miraculous Mandarin (1); Mahler 3 (1); Beethoven VC/Wagner (SP) (1); Piazza CS14 Wagner (1); Sailing Yacht Rock (1); Jaws (1)"
    },
    {
      "date": "2025-03-03",
      "fiscal_year": "FY25",
      "quintile": "nov-dec",
      "quintile_name": "Nov-Dec",
      "source_file": "2025.03.03 FY25 Ticket Sales Report.xlsx",
      "actual_revenue": 1547449,
      "pct_budget": 107.2,
      "num_performances": 10,
      "budget": 1444000,
      "total_seats": 32739,
      "seats_sold": 26135,
      "capacity_pct": 79.8,
      "atp": 59.21,
      "programming": "Mozart Requiem (SP) (1); Strauss' Alpine( SP) (1); Piazza CS3 Mozart Requiem (1); Piazza CS4 Alpine (1); Tubby the Tuba (1); Christmas Festival (1); Home Alone (1); Frozen (1); Handel's Messiah (1); Texas Tenors (1)"
    },
    {
      "date": "2025-03-03",
      "fiscal_year": "FY25",
      "quintile": "sep-oct",
      "quintile_name": "Sep-Oct",
      "source_file": "2025.03.03 FY25 Ticket Sales Report.xlsx",
      "actual_revenue": 960015,
      "pct_budget": 82.5,
      "num_performances": 9,
      "budget": 1163870,
      "total_seats": 27604,
      "seats_sold": 14772,
      "capacity_pct": 53.5,
      "atp": 64.99,
      "programming": "Stravinsky's Firebird (1); Mendels Scottish/Shaham (1); Kristin Chenoweth (1); Jurassic Park (1); Psycho in Concert (1); Silent Film: Nosferatu (1); Hocus Pocus (1); Alisa Weilerstein (1); Dionne Warwick (1)"
    },
    {
      "date": "2025-03-17",
      "fiscal_year": "FY25",
      "quintile": "jan-feb",
      "quintile_name": "Jan-Feb",
      "source_file": "2025.03.17 FY25 Ticket Sales Report.xlsx",
      "actual_revenue": 1250134,
      "pct_budget": 95,
      "num_performances": 14,
      "budget": 1316490,
      "total_seats": 39059,
      "seats_sold": 20108,
      "capacity_pct": 51.5,
      "atp": 62.17,
      "programming": "Saint-Saens Organ/Pahud (1); Beethoven 7/Conrad Tao (SP) (1); Shosty 10/Gomyo (1); Pictures at an Exhibition (SP) (1); Piazza CS6 Beethoven 7 (1); Piazza CS8 Pictures (1); Disney's The Sound of Magic (1); Kings of Soul (1); Dan Brown's Wild Symphony (1); Harry Potter 1 (1); Casablanca (1); Emmanuel Pahud (1); Conrad Tao (1); Cody Fry (1)"
    },
    {
      "date": "2025-03-17",
      "fiscal_year": "FY25",
      "quintile": "mar-apr",
      "quintile_name": "Mar-Apr",
      "source_file": "2025.03.17 FY25 Ticket Sales Report.xlsx",
      "actual_revenue": 1014290,
      "pct_budget": 92,
      "num_performances": 11,
      "budget": 1102870,
      "total_seats": 30514,
      "seats_sold": 14836,
      "capacity_pct": 48.6,
      "atp": 68.37,
      "programming": "Prokofiev Romeo & Juliet (SP) (1); Tchaik Pathetique (SP) (1); Haydn/Britten/Mozart 23 (1); Piazza CS9 Prokofiev R&J (1); Piazza CS10 Tchaik 6 (1); Ultimate John Williams (1); Project Trio (1); How to Train Your Dragon (1); Jean-Yves Thibaudet (1); Ben Folds (1); Decades: Back to the 80s (1)"
    },
    {
      "date": "2025-03-17",
      "fiscal_year": "FY25",
      "quintile": "may-jun",
      "quintile_name": "May-Jun",
      "source_file": "2025.03.17 FY25 Ticket Sales Report.xlsx",
      "actual_revenue": 170288,
      "pct_budget": 32.4,
      "num_performances": 6,
      "budget": 524870,
      "total_seats": 21027,
      "seats_sold": 2874,
      "capacity_pct": 13.7,
      "atp": 59.25,
      "programming": "Miraculous Mandarin (1); Mahler 3 (1); Beethoven VC/Wagner (SP) (1); Piazza CS14 Wagner (1); Sailing Yacht Rock (1); Jaws (1)"
    },
    {
      "date": "2025-03-17",
      "fiscal_year": "FY25",
      "quintile": "nov-dec",
      "quintile_name": "Nov-Dec",
      "source_file": "2025.03.17 FY25 Ticket Sales Report.xlsx",
      "actual_revenue": 1547449,
      "pct_budget": 107.2,
      "num_performances": 10,
      "budget": 1444000,
      "total_seats": 32739,
      "seats_sold": 26135,
      "capacity_pct": 79.8,
      "atp": 59.21,
      "programming": "Mozart Requiem (SP) (1); Strauss' Alpine( SP) (1); Piazza CS3 Mozart Requiem (1); Piazza CS4 Alpine (1); Tubby the Tuba (1); Christmas Festival (1); Home Alone (1); Frozen (1); Handel's Messiah (1); Texas Tenors (1)"
    },
    {
      "date": "2025-03-17",
      "fiscal_year": "FY25",
      "quintile": "sep-oct",
      "quintile_name": "Sep-Oct",
      "source_file": "2025.03.17 FY25 Ticket Sales Report.xlsx",
      "actual_revenue": 960015,
      "pct_budget": 82.5,
      "num_performances": 9,
      "budget": 1163870,
      "total_seats": 27604,
      "seats_sold": 14772,
      "capacity_pct": 53.5,
      "atp": 64.99,
      "programming": "Stravinsky's Firebird (1); Mendels Scottish/Shaham (1); Kristin Chenoweth (1); Jurassic Park (1); Psycho in Concert (1); Silent Film: Nosferatu (1); Hocus Pocus (1); Alisa Weilerstein (1); Dionne Warwick (1)"
    },
    {
      "date": "2025-03-24",
      "fiscal_year": "FY25",
      "quintile": "jan-feb",
      "quintile_name": "Jan-Feb",
      "source_file": "2025.03.24 FY25 Ticket Sales Report.xlsx",
      "actual_revenue": 1250134,
      "pct_budget": 95,
      "num_performances": 14,
      "budget": 1316490,
      "total_seats": 39059,
      "seats_sold": 20108,
      "capacity_pct": 51.5,
      "atp": 62.17,
      "programming": "Saint-Saens Organ/Pahud (1); Beethoven 7/Conrad Tao (SP) (1); Shosty 10/Gomyo (1); Pictures at an Exhibition (SP) (1); Piazza CS6 Beethoven 7 (1); Piazza CS8 Pictures (1); Disney's The Sound of Magic (1); Kings of Soul (1); Dan Brown's Wild Symphony (1); Harry Potter 1 (1); Casablanca (1); Emmanuel Pahud (1); Conrad Tao (1); Cody Fry (1)"
    },
    {
      "date": "2025-03-24",
      "fiscal_year": "FY25",
      "quintile": "mar-apr",
      "quintile_name": "Mar-Apr",
      "source_file": "2025.03.24 FY25 Ticket Sales Report.xlsx",
      "actual_revenue": 1060672,
      "pct_budget": 96.2,
      "num_performances": 11,
      "budget": 1102870,
      "total_seats": 30514,
      "seats_sold": 15396,
      "capacity_pct": 50.5,
      "atp": 68.89,
      "programming": "Prokofiev Romeo & Juliet (SP) (1); Tchaik Pathetique (SP) (1); Haydn/Britten/Mozart 23 (1); Piazza CS9 Prokofiev R&J (1); Piazza CS10 Tchaik 6 (1); Ultimate John Williams (1); Project Trio (1); How to Train Your Dragon (1); Jean-Yves Thibaudet (1); Ben Folds (1); Decades: Back to the 80s (1)"
    },
    {
      "date": "2025-03-24",
      "fiscal_year": "FY25",
      "quintile": "may-jun",
      "quintile_name": "May-Jun",
      "source_file": "2025.03.24 FY25 Ticket Sales Report.xlsx",
      "actual_revenue": 181568,
      "pct_budget": 34.6,
      "num_performances": 6,
      "budget": 524870,
      "total_seats": 21027,
      "seats_sold": 3033,
      "capacity_pct": 14.4,
      "atp": 59.86,
      "programming": "Miraculous Mandarin (1); Mahler 3 (1); Beethoven VC/Wagner (SP) (1); Piazza CS14 Wagner (1); Sailing Yacht Rock (1); Jaws (1)"
    },
    {
      "date": "2025-03-24",
      "fiscal_year": "FY25",
      "quintile": "nov-dec",
      "quintile_name": "Nov-Dec",
      "source_file": "2025.03.24 FY25 Ticket Sales Report.xlsx",
      "actual_revenue": 1547449,
      "pct_budget": 107.2,
      "num_performances": 10,
      "budget": 1444000,
      "total_seats": 32739,
      "seats_sold": 26135,
      "capacity_pct": 79.8,
      "atp": 59.21,
      "programming": "Mozart Requiem (SP) (1); Strauss' Alpine( SP) (1); Piazza CS3 Mozart Requiem (1); Piazza CS4 Alpine (1); Tubby the Tuba (1); Christmas Festival (1); Home Alone (1); Frozen (1); Handel's Messiah (1); Texas Tenors (1)"
    },
    {
      "date": "2025-03-24",
      "fiscal_year": "FY25",
      "quintile": "sep-oct",
      "quintile_name": "Sep-Oct",
      "source_file": "2025.03.24 FY25 Ticket Sales Report.xlsx",
      "actual_revenue": 960015,
      "pct_budget": 82.5,
      "num_performances": 9,
      "budget": 1163870,
      "total_seats": 27604,
      "seats_sold": 14772,
      "capacity_pct": 53.5,
      "atp": 64.99,
      "programming": "Stravinsky's Firebird (1); Mendels Scottish/Shaham (1); Kristin Chenoweth (1); Jurassic Park (1); Psycho in Concert (1); Silent Film: Nosferatu (1); Hocus Pocus (1); Alisa Weilerstein (1); Dionne Warwick (1)"
    },
    {
      "date": "2025-03-31",
      "fiscal_year": "FY25",
      "quintile": "jan-feb",
      "quintile_name": "Jan-Feb",
      "source_file": "2025.03.31 FY25 Ticket Sales Report.xlsx",
      "actual_revenue": 1250134,
      "pct_budget": 95,
      "num_performances": 14,
      "budget": 1316490,
      "total_seats": 39059,
      "seats_sold": 20108,
      "capacity_pct": 51.5,
      "atp": 62.17,
      "programming": "Saint-Saens Organ/Pahud (1); Beethoven 7/Conrad Tao (SP) (1); Shosty 10/Gomyo (1); Pictures at an Exhibition (SP) (1); Piazza CS6 Beethoven 7 (1); Piazza CS8 Pictures (1); Disney's The Sound of Magic (1); Kings of Soul (1); Dan Brown's Wild Symphony (1); Harry Potter 1 (1); Casablanca (1); Emmanuel Pahud (1); Conrad Tao (1); Cody Fry (1)"
    },
    {
      "date": "2025-03-31",
      "fiscal_year": "FY25",
      "quintile": "mar-apr",
      "quintile_name": "Mar-Apr",
      "source_file": "2025.03.31 FY25 Ticket Sales Report.xlsx",
      "actual_revenue": 1082872,
      "pct_budget": 98.2,
      "num_performances": 11,
      "budget": 1102870,
      "total_seats": 30514,
      "seats_sold": 15747,
      "capacity_pct": 51.6,
      "atp": 68.77,
      "programming": "Prokofiev Romeo & Juliet (SP) (1); Tchaik Pathetique (SP) (1); Genius of Mozart (1); Piazza CS9 Prokofiev R&J (1); Piazza CS10 Tchaik 6 (1); Ultimate John Williams (1); Project Trio (1); How to Train Your Dragon (1); Jean-Yves Thibaudet (1); Ben Folds (1); Decades: Back to the 80s (1)"
    },
    {
      "date": "2025-03-31",
      "fiscal_year": "FY25",
      "quintile": "may-jun",
      "quintile_name": "May-Jun",
      "source_file": "2025.03.31 FY25 Ticket Sales Report.xlsx",
      "actual_revenue": 204211,
      "pct_budget": 38.9,
      "num_performances": 6,
      "budget": 524870,
      "total_seats": 21027,
      "seats_sold": 3352,
      "capacity_pct": 15.9,
      "atp": 60.92,
      "programming": "French Masters (1); Matthias Conducts Mahler (1); Beethoven VC/Wagner (SP) (1); Piazza CS14 Wagner (1); Sailing Yacht Rock (1); Jaws (1)"
    },
    {
      "date": "2025-03-31",
      "fiscal_year": "FY25",
      "quintile": "nov-dec",
      "quintile_name": "Nov-Dec",
      "source_file": "2025.03.31 FY25 Ticket Sales Report.xlsx",
      "actual_revenue": 1547449,
      "pct_budget": 107.2,
      "num_performances": 10,
      "budget": 1444000,
      "total_seats": 32739,
      "seats_sold": 26135,
      "capacity_pct": 79.8,
      "atp": 59.21,
      "programming": "Mozart Requiem (SP) (1); Strauss' Alpine( SP) (1); Piazza CS3 Mozart Requiem (1); Piazza CS4 Alpine (1); Tubby the Tuba (1); Christmas Festival (1); Home Alone (1); Frozen (1); Handel's Messiah (1); Texas Tenors (1)"
    },
    {
      "date": "2025-03-31",
      "fiscal_year": "FY25",
      "quintile": "sep-oct",
      "quintile_name": "Sep-Oct",
      "source_file": "2025.03.31 FY25 Ticket Sales Report.xlsx",
      "actual_revenue": 960015,
      "pct_budget": 82.5,
      "num_performances": 9,
      "budget": 1163870,
      "total_seats": 27604,
      "seats_sold": 14772,
      "capacity_pct": 53.5,
      "atp": 64.99,
      "programming": "Stravinsky's Firebird (1); Mendels Scottish/Shaham (1); Kristin Chenoweth (1); Jurassic Park (1); Psycho in Concert (1); Silent Film: Nosferatu (1); Hocus Pocus (1); Alisa Weilerstein (1); Dionne Warwick (1)"
    },
    {
      "date": "2025-04-07",
      "fiscal_year": "FY25",
      "quintile": "jan-feb",
      "quintile_name": "Jan-Feb",
      "source_file": "2025.04.07 FY25 Ticket Sales Report.xlsx",
      "actual_revenue": 1250134,
      "pct_budget": 95,
      "num_performances": 14,
      "budget": 1316490,
      "total_seats": 39059,
      "seats_sold": 20108,
      "capacity_pct": 51.5,
      "atp": 62.17,
      "programming": "Saint-Saens Organ/Pahud (1); Beethoven 7/Conrad Tao (SP) (1); Shosty 10/Gomyo (1); Pictures at an Exhibition (SP) (1); Piazza CS6 Beethoven 7 (1); Piazza CS8 Pictures (1); Disney's The Sound of Magic (1); Kings of Soul (1); Dan Brown's Wild Symphony (1); Harry Potter 1 (1); Casablanca (1); Emmanuel Pahud (1); Conrad Tao (1); Cody Fry (1)"
    },
    {
      "date": "2025-04-07",
      "fiscal_year": "FY25",
      "quintile": "mar-apr",
      "quintile_name": "Mar-Apr",
      "source_file": "2025.04.07 FY25 Ticket Sales Report.xlsx",
      "actual_revenue": 1113939,
      "pct_budget": 101,
      "num_performances": 11,
      "budget": 1102870,
      "total_seats": 30514,
      "seats_sold": 16402,
      "capacity_pct": 53.8,
      "atp": 67.91,
      "programming": "Prokofiev Romeo & Juliet (SP) (1); Tchaik Pathetique (SP) (1); Genius of Mozart (1); Piazza CS9 Prokofiev R&J (1); Piazza CS10 Tchaik 6 (1); Ultimate John Williams (1); Project Trio (1); How to Train Your Dragon (1); Jean-Yves Thibaudet (1); Ben Folds (1); Decades: Back to the 80s (1)"
    },
    {
      "date": "2025-04-07",
      "fiscal_year": "FY25",
      "quintile": "may-jun",
      "quintile_name": "May-Jun",
      "source_file": "2025.04.07 FY25 Ticket Sales Report.xlsx",
      "actual_revenue": 229278,
      "pct_budget": 43.7,
      "num_performances": 6,
      "budget": 524870,
      "total_seats": 21027,
      "seats_sold": 3723,
      "capacity_pct": 17.7,
      "atp": 61.58,
      "programming": "French Masters (1); Matthias Conducts Mahler (1); Beethoven VC/Wagner (SP) (1); Piazza CS14 Wagner (1); Sailing Yacht Rock (1); Jaws (1)"
    },
    {
      "date": "2025-04-07",
      "fiscal_year": "FY25",
      "quintile": "nov-dec",
      "quintile_name": "Nov-Dec",
      "source_file": "2025.04.07 FY25 Ticket Sales Report.xlsx",
      "actual_revenue": 1547449,
      "pct_budget": 107.2,
      "num_performances": 10,
      "budget": 1444000,
      "total_seats": 32739,
      "seats_sold": 26135,
      "capacity_pct": 79.8,
      "atp": 59.21,
      "programming": "Mozart Requiem (SP) (1); Strauss' Alpine( SP) (1); Piazza CS3 Mozart Requiem (1); Piazza CS4 Alpine (1); Tubby the Tuba (1); Christmas Festival (1); Home Alone (1); Frozen (1); Handel's Messiah (1); Texas Tenors (1)"
    },
    {
      "date": "2025-04-07",
      "fiscal_year": "FY25",
      "quintile": "sep-oct",
      "quintile_name": "Sep-Oct",
      "source_file": "2025.04.07 FY25 Ticket Sales Report.xlsx",
      "actual_revenue": 960015,
      "pct_budget": 82.5,
      "num_performances": 9,
      "budget": 1163870,
      "total_seats": 27604,
      "seats_sold": 14772,
      "capacity_pct": 53.5,
      "atp": 64.99,
      "programming": "Stravinsky's Firebird (1); Mendels Scottish/Shaham (1); Kristin Chenoweth (1); Jurassic Park (1); Psycho in Concert (1); Silent Film: Nosferatu (1); Hocus Pocus (1); Alisa Weilerstein (1); Dionne Warwick (1)"
    },
    {
      "date": "2025-04-14",
      "fiscal_year": "FY25",
      "quintile": "jan-feb",
      "quintile_name": "Jan-Feb",
      "source_file": "2025.04.14 FY25 Ticket Sales Report.xlsx",
      "actual_revenue": 1250134,
      "pct_budget": 95,
      "num_performances": 14,
      "budget": 1316490,
      "total_seats": 39059,
      "seats_sold": 20108,
      "capacity_pct": 51.5,
      "atp": 62.17,
      "programming": "Saint-Saens Organ/Pahud (1); Beethoven 7/Conrad Tao (SP) (1); Shosty 10/Gomyo (1); Pictures at an Exhibition (SP) (1); Piazza CS6 Beethoven 7 (1); Piazza CS8 Pictures (1); Disney's The Sound of Magic (1); Kings of Soul (1); Dan Brown's Wild Symphony (1); Harry Potter 1 (1); Casablanca (1); Emmanuel Pahud (1); Conrad Tao (1); Cody Fry (1)"
    },
    {
      "date": "2025-04-14",
      "fiscal_year": "FY25",
      "quintile": "mar-apr",
      "quintile_name": "Mar-Apr",
      "source_file": "2025.04.14 FY25 Ticket Sales Report.xlsx",
      "actual_revenue": 1139086,
      "pct_budget": 103.3,
      "num_performances": 11,
      "budget": 1102870,
      "total_seats": 30514,
      "seats_sold": 17082,
      "capacity_pct": 56,
      "atp": 66.68,
      "programming": "Prokofiev Romeo & Juliet (SP) (1); Tchaik Pathetique (SP) (1); Genius of Mozart (1); Piazza CS9 Prokofiev R&J (1); Piazza CS10 Tchaik 6 (1); Ultimate John Williams (1); Project Trio (1); How to Train Your Dragon (1); Jean-Yves Thibaudet (1); Ben Folds (1); Decades: Back to the 80s (1)"
    },
    {
      "date": "2025-04-14",
      "fiscal_year": "FY25",
      "quintile": "may-jun",
      "quintile_name": "May-Jun",
      "source_file": "2025.04.14 FY25 Ticket Sales Report.xlsx",
      "actual_revenue": 263655,
      "pct_budget": 50.2,
      "num_performances": 6,
      "budget": 524870,
      "total_seats": 21027,
      "seats_sold": 4288,
      "capacity_pct": 20.4,
      "atp": 61.49,
      "programming": "French Masters (1); Matthias Conducts Mahler (1); Beethoven VC/Wagner (SP) (1); Piazza CS14 Wagner (1); Sailing Yacht Rock (1); Jaws (1)"
    },
    {
      "date": "2025-04-14",
      "fiscal_year": "FY25",
      "quintile": "nov-dec",
      "quintile_name": "Nov-Dec",
      "source_file": "2025.04.14 FY25 Ticket Sales Report.xlsx",
      "actual_revenue": 1547449,
      "pct_budget": 107.2,
      "num_performances": 10,
      "budget": 1444000,
      "total_seats": 32739,
      "seats_sold": 26135,
      "capacity_pct": 79.8,
      "atp": 59.21,
      "programming": "Mozart Requiem (SP) (1); Strauss' Alpine( SP) (1); Piazza CS3 Mozart Requiem (1); Piazza CS4 Alpine (1); Tubby the Tuba (1); Christmas Festival (1); Home Alone (1); Frozen (1); Handel's Messiah (1); Texas Tenors (1)"
    },
    {
      "date": "2025-04-14",
      "fiscal_year": "FY25",
      "quintile": "sep-oct",
      "quintile_name": "Sep-Oct",
      "source_file": "2025.04.14 FY25 Ticket Sales Report.xlsx",
      "actual_revenue": 960015,
      "pct_budget": 82.5,
      "num_performances": 9,
      "budget": 1163870,
      "total_seats": 27604,
      "seats_sold": 14772,
      "capacity_pct": 53.5,
      "atp": 64.99,
      "programming": "Stravinsky's Firebird (1); Mendels Scottish/Shaham (1); Kristin Chenoweth (1); Jurassic Park (1); Psycho in Concert (1); Silent Film: Nosferatu (1); Hocus Pocus (1); Alisa Weilerstein (1); Dionne Warwick (1)"
    },
    {
      "date": "2025-04-21",
      "fiscal_year": "FY25",
      "quintile": "jan-feb",
      "quintile_name": "Jan-Feb",
      "source_file": "2025.04.21 FY25 Ticket Sales Report.xlsx",
      "actual_revenue": 1250134,
      "pct_budget": 95,
      "num_performances": 14,
      "budget": 1316490,
      "total_seats": 39059,
      "seats_sold": 20108,
      "capacity_pct": 51.5,
      "atp": 62.17,
      "programming": "Saint-Saens Organ/Pahud (1); Beethoven 7/Conrad Tao (SP) (1); Shosty 10/Gomyo (1); Pictures at an Exhibition (SP) (1); Piazza CS6 Beethoven 7 (1); Piazza CS8 Pictures (1); Disney's The Sound of Magic (1); Kings of Soul (1); Dan Brown's Wild Symphony (1); Harry Potter 1 (1); Casablanca (1); Emmanuel Pahud (1); Conrad Tao (1); Cody Fry (1)"
    },
    {
      "date": "2025-04-21",
      "fiscal_year": "FY25",
      "quintile": "mar-apr",
      "quintile_name": "Mar-Apr",
      "source_file": "2025.04.21 FY25 Ticket Sales Report.xlsx",
      "actual_revenue": 1145813,
      "pct_budget": 103.9,
      "num_performances": 11,
      "budget": 1102870,
      "total_seats": 30514,
      "seats_sold": 17167,
      "capacity_pct": 56.3,
      "atp": 66.75,
      "programming": "Prokofiev Romeo & Juliet (SP) (1); Tchaik Pathetique (SP) (1); Genius of Mozart (1); Piazza CS9 Prokofiev R&J (1); Piazza CS10 Tchaik 6 (1); Ultimate John Williams (1); Project Trio (1); How to Train Your Dragon (1); Jean-Yves Thibaudet (1); Ben Folds (1); Decades: Back to the 80s (1)"
    },
    {
      "date": "2025-04-21",
      "fiscal_year": "FY25",
      "quintile": "may-jun",
      "quintile_name": "May-Jun",
      "source_file": "2025.04.21 FY25 Ticket Sales Report.xlsx",
      "actual_revenue": 291726,
      "pct_budget": 55.6,
      "num_performances": 6,
      "budget": 524870,
      "total_seats": 21027,
      "seats_sold": 4731,
      "capacity_pct": 22.5,
      "atp": 61.66,
      "programming": "French Masters (1); Matthias Conducts Mahler (1); Beethoven VC/Wagner (SP) (1); Piazza CS14 Wagner (1); Sailing Yacht Rock (1); Jaws (1)"
    },
    {
      "date": "2025-04-21",
      "fiscal_year": "FY25",
      "quintile": "nov-dec",
      "quintile_name": "Nov-Dec",
      "source_file": "2025.04.21 FY25 Ticket Sales Report.xlsx",
      "actual_revenue": 1547449,
      "pct_budget": 107.2,
      "num_performances": 10,
      "budget": 1444000,
      "total_seats": 32739,
      "seats_sold": 26135,
      "capacity_pct": 79.8,
      "atp": 59.21,
      "programming": "Mozart Requiem (SP) (1); Strauss' Alpine( SP) (1); Piazza CS3 Mozart Requiem (1); Piazza CS4 Alpine (1); Tubby the Tuba (1); Christmas Festival (1); Home Alone (1); Frozen (1); Handel's Messiah (1); Texas Tenors (1)"
    },
    {
      "date": "2025-04-21",
      "fiscal_year": "FY25",
      "quintile": "sep-oct",
      "quintile_name": "Sep-Oct",
      "source_file": "2025.04.21 FY25 Ticket Sales Report.xlsx",
      "actual_revenue": 960015,
      "pct_budget": 82.5,
      "num_performances": 9,
      "budget": 1163870,
      "total_seats": 27604,
      "seats_sold": 14772,
      "capacity_pct": 53.5,
      "atp": 64.99,
      "programming": "Stravinsky's Firebird (1); Mendels Scottish/Shaham (1); Kristin Chenoweth (1); Jurassic Park (1); Psycho in Concert (1); Silent Film: Nosferatu (1); Hocus Pocus (1); Alisa Weilerstein (1); Dionne Warwick (1)"
    },
    {
      "date": "2025-04-28",
      "fiscal_year": "FY25",
      "quintile": "jan-feb",
      "quintile_name": "Jan-Feb",
      "source_file": "2025.04.28 FY25 Ticket Sales Report.xlsx",
      "actual_revenue": 1250134,
      "pct_budget": 95,
      "num_performances": 14,
      "budget": 1316490,
      "total_seats": 39059,
      "seats_sold": 20108,
      "capacity_pct": 51.5,
      "atp": 62.17,
      "programming": "Saint-Saens Organ/Pahud (1); Beethoven 7/Conrad Tao (SP) (1); Shosty 10/Gomyo (1); Pictures at an Exhibition (SP) (1); Piazza CS6 Beethoven 7 (1); Piazza CS8 Pictures (1); Disney's The Sound of Magic (1); Kings of Soul (1); Dan Brown's Wild Symphony (1); Harry Potter 1 (1); Casablanca (1); Emmanuel Pahud (1); Conrad Tao (1); Cody Fry (1)"
    },
    {
      "date": "2025-04-28",
      "fiscal_year": "FY25",
      "quintile": "mar-apr",
      "quintile_name": "Mar-Apr",
      "source_file": "2025.04.28 FY25 Ticket Sales Report.xlsx",
      "actual_revenue": 1153336,
      "pct_budget": 104.6,
      "num_performances": 11,
      "budget": 1102870,
      "total_seats": 30514,
      "seats_sold": 17278,
      "capacity_pct": 56.6,
      "atp": 66.75,
      "programming": "Prokofiev Romeo & Juliet (SP) (1); Tchaik Pathetique (SP) (1); Genius of Mozart (1); Piazza CS9 Prokofiev R&J (1); Piazza CS10 Tchaik 6 (1); Ultimate John Williams (1); Project Trio (1); How to Train Your Dragon (1); Jean-Yves Thibaudet (1); Ben Folds (1); Decades: Back to the 80s (1)"
    },
    {
      "date": "2025-04-28",
      "fiscal_year": "FY25",
      "quintile": "may-jun",
      "quintile_name": "May-Jun",
      "source_file": "2025.04.28 FY25 Ticket Sales Report.xlsx",
      "actual_revenue": 320945,
      "pct_budget": 61.1,
      "num_performances": 6,
      "budget": 524870,
      "total_seats": 21027,
      "seats_sold": 5214,
      "capacity_pct": 24.8,
      "atp": 61.55,
      "programming": "French Masters (1); Matthias Conducts Mahler (1); Beethoven VC/Wagner (SP) (1); Piazza CS14 Wagner (1); Sailing Yacht Rock (1); Jaws (1)"
    },
    {
      "date": "2025-04-28",
      "fiscal_year": "FY25",
      "quintile": "nov-dec",
      "quintile_name": "Nov-Dec",
      "source_file": "2025.04.28 FY25 Ticket Sales Report.xlsx",
      "actual_revenue": 1547449,
      "pct_budget": 107.2,
      "num_performances": 10,
      "budget": 1444000,
      "total_seats": 32739,
      "seats_sold": 26135,
      "capacity_pct": 79.8,
      "atp": 59.21,
      "programming": "Mozart Requiem (SP) (1); Strauss' Alpine( SP) (1); Piazza CS3 Mozart Requiem (1); Piazza CS4 Alpine (1); Tubby the Tuba (1); Christmas Festival (1); Home Alone (1); Frozen (1); Handel's Messiah (1); Texas Tenors (1)"
    },
    {
      "date": "2025-04-28",
      "fiscal_year": "FY25",
      "quintile": "sep-oct",
      "quintile_name": "Sep-Oct",
      "source_file": "2025.04.28 FY25 Ticket Sales Report.xlsx",
      "actual_revenue": 960015,
      "pct_budget": 82.5,
      "num_performances": 9,
      "budget": 1163870,
      "total_seats": 27604,
      "seats_sold": 14772,
      "capacity_pct": 53.5,
      "atp": 64.99,
      "programming": "Stravinsky's Firebird (1); Mendels Scottish/Shaham (1); Kristin Chenoweth (1); Jurassic Park (1); Psycho in Concert (1); Silent Film: Nosferatu (1); Hocus Pocus (1); Alisa Weilerstein (1); Dionne Warwick (1)"
    },
    {
      "date": "2025-05-05",
      "fiscal_year": "FY25",
      "quintile": "jan-feb",
      "quintile_name": "Jan-Feb",
      "source_file": "2025.05.05 FY25 Ticket Sales Report.xlsx",
      "actual_revenue": 1250134,
      "pct_budget": 95,
      "num_performances": 14,
      "budget": 1316490,
      "total_seats": 39059,
      "seats_sold": 20108,
      "capacity_pct": 51.5,
      "atp": 62.17,
      "programming": "Saint-Saens Organ/Pahud (1); Beethoven 7/Conrad Tao (SP) (1); Shosty 10/Gomyo (1); Pictures at an Exhibition (SP) (1); Piazza CS6 Beethoven 7 (1); Piazza CS8 Pictures (1); Disney's The Sound of Magic (1); Kings of Soul (1); Dan Brown's Wild Symphony (1); Harry Potter 1 (1); Casablanca (1); Emmanuel Pahud (1); Conrad Tao (1); Cody Fry (1)"
    },
    {
      "date": "2025-05-05",
      "fiscal_year": "FY25",
      "quintile": "mar-apr",
      "quintile_name": "Mar-Apr",
      "source_file": "2025.05.05 FY25 Ticket Sales Report.xlsx",
      "actual_revenue": 1153336,
      "pct_budget": 104.6,
      "num_performances": 11,
      "budget": 1102870,
      "total_seats": 30514,
      "seats_sold": 17278,
      "capacity_pct": 56.6,
      "atp": 66.75,
      "programming": "Prokofiev Romeo & Juliet (SP) (1); Tchaik Pathetique (SP) (1); Genius of Mozart (1); Piazza CS9 Prokofiev R&J (1); Piazza CS10 Tchaik 6 (1); Ultimate John Williams (1); Project Trio (1); How to Train Your Dragon (1); Jean-Yves Thibaudet (1); Ben Folds (1); Decades: Back to the 80s (1)"
    },
    {
      "date": "2025-05-05",
      "fiscal_year": "FY25",
      "quintile": "may-jun",
      "quintile_name": "May-Jun",
      "source_file": "2025.05.05 FY25 Ticket Sales Report.xlsx",
      "actual_revenue": 351527,
      "pct_budget": 67,
      "num_performances": 6,
      "budget": 524870,
      "total_seats": 21027,
      "seats_sold": 6126,
      "capacity_pct": 29.1,
      "atp": 57.38,
      "programming": "French Masters (1); Matthias Conducts Mahler (1); Beethoven VC/Wagner (SP) (1); Piazza CS14 Wagner (1); Sailing Yacht Rock (1); Jaws (1)"
    },
    {
      "date": "2025-05-05",
      "fiscal_year": "FY25",
      "quintile": "nov-dec",
      "quintile_name": "Nov-Dec",
      "source_file": "2025.05.05 FY25 Ticket Sales Report.xlsx",
      "actual_revenue": 1547449,
      "pct_budget": 107.2,
      "num_performances": 10,
      "budget": 1444000,
      "total_seats": 32739,
      "seats_sold": 26135,
      "capacity_pct": 79.8,
      "atp": 59.21,
      "programming": "Mozart Requiem (SP) (1); Strauss' Alpine( SP) (1); Piazza CS3 Mozart Requiem (1); Piazza CS4 Alpine (1); Tubby the Tuba (1); Christmas Festival (1); Home Alone (1); Frozen (1); Handel's Messiah (1); Texas Tenors (1)"
    },
    {
      "date": "2025-05-05",
      "fiscal_year": "FY25",
      "quintile": "sep-oct",
      "quintile_name": "Sep-Oct",
      "source_file": "2025.05.05 FY25 Ticket Sales Report.xlsx",
      "actual_revenue": 960015,
      "pct_budget": 82.5,
      "num_performances": 9,
      "budget": 1163870,
      "total_seats": 27604,
      "seats_sold": 14772,
      "capacity_pct": 53.5,
      "atp": 64.99,
      "programming": "Stravinsky's Firebird (1); Mendels Scottish/Shaham (1); Kristin Chenoweth (1); Jurassic Park (1); Psycho in Concert (1); Silent Film: Nosferatu (1); Hocus Pocus (1); Alisa Weilerstein (1); Dionne Warwick (1)"
    },
    {
      "date": "2025-05-12",
      "fiscal_year": "FY25",
      "quintile": "jan-feb",
      "quintile_name": "Jan-Feb",
      "source_file": "2025.05.12 FY25 Ticket Sales Report.xlsx",
      "actual_revenue": 1250134,
      "pct_budget": 95,
      "num_performances": 14,
      "budget": 1316490,
      "total_seats": 39059,
      "seats_sold": 20108,
      "capacity_pct": 51.5,
      "atp": 62.17,
      "programming": "Saint-Saens Organ/Pahud (1); Beethoven 7/Conrad Tao (SP) (1); Shosty 10/Gomyo (1); Pictures at an Exhibition (SP) (1); Piazza CS6 Beethoven 7 (1); Piazza CS8 Pictures (1); Disney's The Sound of Magic (1); Kings of Soul (1); Dan Brown's Wild Symphony (1); Harry Potter 1 (1); Casablanca (1); Emmanuel Pahud (1); Conrad Tao (1); Cody Fry (1)"
    },
    {
      "date": "2025-05-12",
      "fiscal_year": "FY25",
      "quintile": "mar-apr",
      "quintile_name": "Mar-Apr",
      "source_file": "2025.05.12 FY25 Ticket Sales Report.xlsx",
      "actual_revenue": 1153336,
      "pct_budget": 104.6,
      "num_performances": 11,
      "budget": 1102870,
      "total_seats": 30514,
      "seats_sold": 17278,
      "capacity_pct": 56.6,
      "atp": 66.75,
      "programming": "Prokofiev Romeo & Juliet (SP) (1); Tchaik Pathetique (SP) (1); Genius of Mozart (1); Piazza CS9 Prokofiev R&J (1); Piazza CS10 Tchaik 6 (1); Ultimate John Williams (1); Project Trio (1); How to Train Your Dragon (1); Jean-Yves Thibaudet (1); Ben Folds (1); Decades: Back to the 80s (1)"
    },
    {
      "date": "2025-05-12",
      "fiscal_year": "FY25",
      "quintile": "may-jun",
      "quintile_name": "May-Jun",
      "source_file": "2025.05.12 FY25 Ticket Sales Report.xlsx",
      "actual_revenue": 396623,
      "pct_budget": 75.6,
      "num_performances": 6,
      "budget": 524870,
      "total_seats": 21027,
      "seats_sold": 7544,
      "capacity_pct": 35.9,
      "atp": 52.57,
      "programming": "French Masters (1); Matthias Conducts Mahler (1); Beethoven VC/Wagner (SP) (1); Piazza CS14 Wagner (1); Sailing Yacht Rock (1); Jaws (1)"
    },
    {
      "date": "2025-05-12",
      "fiscal_year": "FY25",
      "quintile": "nov-dec",
      "quintile_name": "Nov-Dec",
      "source_file": "2025.05.12 FY25 Ticket Sales Report.xlsx",
      "actual_revenue": 1547449,
      "pct_budget": 107.2,
      "num_performances": 10,
      "budget": 1444000,
      "total_seats": 32739,
      "seats_sold": 26135,
      "capacity_pct": 79.8,
      "atp": 59.21,
      "programming": "Mozart Requiem (SP) (1); Strauss' Alpine( SP) (1); Piazza CS3 Mozart Requiem (1); Piazza CS4 Alpine (1); Tubby the Tuba (1); Christmas Festival (1); Home Alone (1); Frozen (1); Handel's Messiah (1); Texas Tenors (1)"
    },
    {
      "date": "2025-05-12",
      "fiscal_year": "FY25",
      "quintile": "sep-oct",
      "quintile_name": "Sep-Oct",
      "source_file": "2025.05.12 FY25 Ticket Sales Report.xlsx",
      "actual_revenue": 960015,
      "pct_budget": 82.5,
      "num_performances": 9,
      "budget": 1163870,
      "total_seats": 27604,
      "seats_sold": 14772,
      "capacity_pct": 53.5,
      "atp": 64.99,
      "programming": "Stravinsky's Firebird (1); Mendels Scottish/Shaham (1); Kristin Chenoweth (1); Jurassic Park (1); Psycho in Concert (1); Silent Film: Nosferatu (1); Hocus Pocus (1); Alisa Weilerstein (1); Dionne Warwick (1)"
    },
    {
      "date": "2025-05-19",
      "fiscal_year": "FY25",
      "quintile": "jan-feb",
      "quintile_name": "Jan-Feb",
      "source_file": "2025.05.19 FY25 Ticket Sales Report.xlsx",
      "actual_revenue": 1250134,
      "pct_budget": 95,
      "num_performances": 14,
      "budget": 1316490,
      "total_seats": 39059,
      "seats_sold": 20108,
      "capacity_pct": 51.5,
      "atp": 62.17,
      "programming": "Saint-Saens Organ/Pahud (1); Beethoven 7/Conrad Tao (SP) (1); Shosty 10/Gomyo (1); Pictures at an Exhibition (SP) (1); Piazza CS6 Beethoven 7 (1); Piazza CS8 Pictures (1); Disney's The Sound of Magic (1); Kings of Soul (1); Dan Brown's Wild Symphony (1); Harry Potter 1 (1); Casablanca (1); Emmanuel Pahud (1); Conrad Tao (1); Cody Fry (1)"
    },
    {
      "date": "2025-05-19",
      "fiscal_year": "FY25",
      "quintile": "mar-apr",
      "quintile_name": "Mar-Apr",
      "source_file": "2025.05.19 FY25 Ticket Sales Report.xlsx",
      "actual_revenue": 1153336,
      "pct_budget": 104.6,
      "num_performances": 11,
      "budget": 1102870,
      "total_seats": 30514,
      "seats_sold": 17278,
      "capacity_pct": 56.6,
      "atp": 66.75,
      "programming": "Prokofiev Romeo & Juliet (SP) (1); Tchaik Pathetique (SP) (1); Genius of Mozart (1); Piazza CS9 Prokofiev R&J (1); Piazza CS10 Tchaik 6 (1); Ultimate John Williams (1); Project Trio (1); How to Train Your Dragon (1); Jean-Yves Thibaudet (1); Ben Folds (1); Decades: Back to the 80s (1)"
    },
    {
      "date": "2025-05-19",
      "fiscal_year": "FY25",
      "quintile": "may-jun",
      "quintile_name": "May-Jun",
      "source_file": "2025.05.19 FY25 Ticket Sales Report.xlsx",
      "actual_revenue": 439819,
      "pct_budget": 83.8,
      "num_performances": 6,
      "budget": 524870,
      "total_seats": 21027,
      "seats_sold": 8201,
      "capacity_pct": 39,
      "atp": 53.63,
      "programming": "French Masters (1); Matthias Conducts Mahler (1); Beethoven VC/Wagner (SP) (1); Piazza CS14 Wagner (1); Sailing Yacht Rock (1); Jaws (1)"
    },
    {
      "date": "2025-05-19",
      "fiscal_year": "FY25",
      "quintile": "nov-dec",
      "quintile_name": "Nov-Dec",
      "source_file": "2025.05.19 FY25 Ticket Sales Report.xlsx",
      "actual_revenue": 1547449,
      "pct_budget": 107.2,
      "num_performances": 10,
      "budget": 1444000,
      "total_seats": 32739,
      "seats_sold": 26135,
      "capacity_pct": 79.8,
      "atp": 59.21,
      "programming": "Mozart Requiem (SP) (1); Strauss' Alpine( SP) (1); Piazza CS3 Mozart Requiem (1); Piazza CS4 Alpine (1); Tubby the Tuba (1); Christmas Festival (1); Home Alone (1); Frozen (1); Handel's Messiah (1); Texas Tenors (1)"
    },
    {
      "date": "2025-05-19",
      "fiscal_year": "FY25",
      "quintile": "sep-oct",
      "quintile_name": "Sep-Oct",
      "source_file": "2025.05.19 FY25 Ticket Sales Report.xlsx",
      "actual_revenue": 960015,
      "pct_budget": 82.5,
      "num_performances": 9,
      "budget": 1163870,
      "total_seats": 27604,
      "seats_sold": 14772,
      "capacity_pct": 53.5,
      "atp": 64.99,
      "programming": "Stravinsky's Firebird (1); Mendels Scottish/Shaham (1); Kristin Chenoweth (1); Jurassic Park (1); Psycho in Concert (1); Silent Film: Nosferatu (1); Hocus Pocus (1); Alisa Weilerstein (1); Dionne Warwick (1)"
    },
    {
      "date": "2025-05-26",
      "fiscal_year": "FY25",
      "quintile": "jan-feb",
      "quintile_name": "Jan-Feb",
      "source_file": "2025.05.26 FY25 Ticket Sales Report.xlsx",
      "actual_revenue": 1250134,
      "pct_budget": 95,
      "num_performances": 14,
      "budget": 1316490,
      "total_seats": 39059,
      "seats_sold": 20108,
      "capacity_pct": 51.5,
      "atp": 62.17,
      "programming": "Saint-Saens Organ/Pahud (1); Beethoven 7/Conrad Tao (SP) (1); Shosty 10/Gomyo (1); Pictures at an Exhibition (SP) (1); Piazza CS6 Beethoven 7 (1); Piazza CS8 Pictures (1); Disney's The Sound of Magic (1); Kings of Soul (1); Dan Brown's Wild Symphony (1); Harry Potter 1 (1); Casablanca (1); Emmanuel Pahud (1); Conrad Tao (1); Cody Fry (1)"
    },
    {
      "date": "2025-05-26",
      "fiscal_year": "FY25",
      "quintile": "mar-apr",
      "quintile_name": "Mar-Apr",
      "source_file": "2025.05.26 FY25 Ticket Sales Report.xlsx",
      "actual_revenue": 1153336,
      "pct_budget": 104.6,
      "num_performances": 11,
      "budget": 1102870,
      "total_seats": 30514,
      "seats_sold": 17278,
      "capacity_pct": 56.6,
      "atp": 66.75,
      "programming": "Prokofiev Romeo & Juliet (SP) (1); Tchaik Pathetique (SP) (1); Genius of Mozart (1); Piazza CS9 Prokofiev R&J (1); Piazza CS10 Tchaik 6 (1); Ultimate John Williams (1); Project Trio (1); How to Train Your Dragon (1); Jean-Yves Thibaudet (1); Ben Folds (1); Decades: Back to the 80s (1)"
    },
    {
      "date": "2025-05-26",
      "fiscal_year": "FY25",
      "quintile": "may-jun",
      "quintile_name": "May-Jun",
      "source_file": "2025.05.26 FY25 Ticket Sales Report.xlsx",
      "actual_revenue": 468677,
      "pct_budget": 89.3,
      "num_performances": 6,
      "budget": 524870,
      "total_seats": 21027,
      "seats_sold": 8631,
      "capacity_pct": 41,
      "atp": 54.3,
      "programming": "French Masters (1); Matthias Conducts Mahler (1); Beethoven VC/Wagner (SP) (1); Piazza CS14 Wagner (1); Sailing Yacht Rock (1); Jaws (1)"
    },
    {
      "date": "2025-05-26",
      "fiscal_year": "FY25",
      "quintile": "nov-dec",
      "quintile_name": "Nov-Dec",
      "source_file": "2025.05.26 FY25 Ticket Sales Report.xlsx",
      "actual_revenue": 1547449,
      "pct_budget": 107.2,
      "num_performances": 10,
      "budget": 1444000,
      "total_seats": 32739,
      "seats_sold": 26135,
      "capacity_pct": 79.8,
      "atp": 59.21,
      "programming": "Mozart Requiem (SP) (1); Strauss' Alpine( SP) (1); Piazza CS3 Mozart Requiem (1); Piazza CS4 Alpine (1); Tubby the Tuba (1); Christmas Festival (1); Home Alone (1); Frozen (1); Handel's Messiah (1); Texas Tenors (1)"
    },
    {
      "date": "2025-05-26",
      "fiscal_year": "FY25",
      "quintile": "sep-oct",
      "quintile_name": "Sep-Oct",
      "source_file": "2025.05.26 FY25 Ticket Sales Report.xlsx",
      "actual_revenue": 960015,
      "pct_budget": 82.5,
      "num_performances": 9,
      "budget": 1163870,
      "total_seats": 27604,
      "seats_sold": 14772,
      "capacity_pct": 53.5,
      "atp": 64.99,
      "programming": "Stravinsky's Firebird (1); Mendels Scottish/Shaham (1); Kristin Chenoweth (1); Jurassic Park (1); Psycho in Concert (1); Silent Film: Nosferatu (1); Hocus Pocus (1); Alisa Weilerstein (1); Dionne Warwick (1)"
    },
    {
      "date": "2025-06-02",
      "fiscal_year": "FY25",
      "quintile": "jan-feb",
      "quintile_name": "Jan-Feb",
      "source_file": "2025.06.02 FY25 Ticket Sales Report.xlsx",
      "actual_revenue": 1250134,
      "pct_budget": 95,
      "num_performances": 14,
      "budget": 1316490,
      "total_seats": 39059,
      "seats_sold": 20108,
      "capacity_pct": 51.5,
      "atp": 62.17,
      "programming": "Saint-Saens Organ/Pahud (1); Beethoven 7/Conrad Tao (SP) (1); Shosty 10/Gomyo (1); Pictures at an Exhibition (SP) (1); Piazza CS6 Beethoven 7 (1); Piazza CS8 Pictures (1); Disney's The Sound of Magic (1); Kings of Soul (1); Dan Brown's Wild Symphony (1); Harry Potter 1 (1); Casablanca (1); Emmanuel Pahud (1); Conrad Tao (1); Cody Fry (1)"
    },
    {
      "date": "2025-06-02",
      "fiscal_year": "FY25",
      "quintile": "mar-apr",
      "quintile_name": "Mar-Apr",
      "source_file": "2025.06.02 FY25 Ticket Sales Report.xlsx",
      "actual_revenue": 1153336,
      "pct_budget": 104.6,
      "num_performances": 11,
      "budget": 1102870,
      "total_seats": 30514,
      "seats_sold": 17278,
      "capacity_pct": 56.6,
      "atp": 66.75,
      "programming": "Prokofiev Romeo & Juliet (SP) (1); Tchaik Pathetique (SP) (1); Genius of Mozart (1); Piazza CS9 Prokofiev R&J (1); Piazza CS10 Tchaik 6 (1); Ultimate John Williams (1); Project Trio (1); How to Train Your Dragon (1); Jean-Yves Thibaudet (1); Ben Folds (1); Decades: Back to the 80s (1)"
    },
    {
      "date": "2025-06-02",
      "fiscal_year": "FY25",
      "quintile": "may-jun",
      "quintile_name": "May-Jun",
      "source_file": "2025.06.02 FY25 Ticket Sales Report.xlsx",
      "actual_revenue": 500462,
      "pct_budget": 95.3,
      "num_performances": 6,
      "budget": 524870,
      "total_seats": 21027,
      "seats_sold": 9427,
      "capacity_pct": 44.8,
      "atp": 53.09,
      "programming": "French Masters (1); Matthias Conducts Mahler (1); Beethoven VC/Wagner (SP) (1); Piazza CS14 Wagner (1); Sailing Yacht Rock (1); Jaws (1)"
    },
    {
      "date": "2025-06-02",
      "fiscal_year": "FY25",
      "quintile": "nov-dec",
      "quintile_name": "Nov-Dec",
      "source_file": "2025.06.02 FY25 Ticket Sales Report.xlsx",
      "actual_revenue": 1547449,
      "pct_budget": 107.2,
      "num_performances": 10,
      "budget": 1444000,
      "total_seats": 32739,
      "seats_sold": 26135,
      "capacity_pct": 79.8,
      "atp": 59.21,
      "programming": "Mozart Requiem (SP) (1); Strauss' Alpine( SP) (1); Piazza CS3 Mozart Requiem (1); Piazza CS4 Alpine (1); Tubby the Tuba (1); Christmas Festival (1); Home Alone (1); Frozen (1); Handel's Messiah (1); Texas Tenors (1)"
    },
    {
      "date": "2025-06-02",
      "fiscal_year": "FY25",
      "quintile": "sep-oct",
      "quintile_name": "Sep-Oct",
      "source_file": "2025.06.02 FY25 Ticket Sales Report.xlsx",
      "actual_revenue": 960015,
      "pct_budget": 82.5,
      "num_performances": 9,
      "budget": 1163870,
      "total_seats": 27604,
      "seats_sold": 14772,
      "capacity_pct": 53.5,
      "atp": 64.99,
      "programming": "Stravinsky's Firebird (1); Mendels Scottish/Shaham (1); Kristin Chenoweth (1); Jurassic Park (1); Psycho in Concert (1); Silent Film: Nosferatu (1); Hocus Pocus (1); Alisa Weilerstein (1); Dionne Warwick (1)"
    },
    {
      "date": "2025-06-09",
      "fiscal_year": "FY25",
      "quintile": "jan-feb",
      "quintile_name": "Jan-Feb",
      "source_file": "2025.06.09 FY25 Ticket Sales Report.xlsx",
      "actual_revenue": 1250134,
      "pct_budget": 95,
      "num_performances": 14,
      "budget": 1316490,
      "total_seats": 39059,
      "seats_sold": 20108,
      "capacity_pct": 51.5,
      "atp": 62.17,
      "programming": "Saint-Saens Organ/Pahud (1); Beethoven 7/Conrad Tao (SP) (1); Shosty 10/Gomyo (1); Pictures at an Exhibition (SP) (1); Piazza CS6 Beethoven 7 (1); Piazza CS8 Pictures (1); Disney's The Sound of Magic (1); Kings of Soul (1); Dan Brown's Wild Symphony (1); Harry Potter 1 (1); Casablanca (1); Emmanuel Pahud (1); Conrad Tao (1); Cody Fry (1)"
    },
    {
      "date": "2025-06-09",
      "fiscal_year": "FY25",
      "quintile": "mar-apr",
      "quintile_name": "Mar-Apr",
      "source_file": "2025.06.09 FY25 Ticket Sales Report.xlsx",
      "actual_revenue": 1153336,
      "pct_budget": 104.6,
      "num_performances": 11,
      "budget": 1102870,
      "total_seats": 30514,
      "seats_sold": 17278,
      "capacity_pct": 56.6,
      "atp": 66.75,
      "programming": "Prokofiev Romeo & Juliet (SP) (1); Tchaik Pathetique (SP) (1); Genius of Mozart (1); Piazza CS9 Prokofiev R&J (1); Piazza CS10 Tchaik 6 (1); Ultimate John Williams (1); Project Trio (1); How to Train Your Dragon (1); Jean-Yves Thibaudet (1); Ben Folds (1); Decades: Back to the 80s (1)"
    },
    {
      "date": "2025-06-09",
      "fiscal_year": "FY25",
      "quintile": "may-jun",
      "quintile_name": "May-Jun",
      "source_file": "2025.06.09 FY25 Ticket Sales Report.xlsx",
      "actual_revenue": 520596,
      "pct_budget": 99.2,
      "num_performances": 6,
      "budget": 524870,
      "total_seats": 21027,
      "seats_sold": 10312,
      "capacity_pct": 49,
      "atp": 50.48,
      "programming": "French Masters (1); Matthias Conducts Mahler (1); Beethoven VC/Wagner (SP) (1); Piazza CS14 Wagner (1); Sailing Yacht Rock (1); Jaws (1)"
    },
    {
      "date": "2025-06-09",
      "fiscal_year": "FY25",
      "quintile": "nov-dec",
      "quintile_name": "Nov-Dec",
      "source_file": "2025.06.09 FY25 Ticket Sales Report.xlsx",
      "actual_revenue": 1547449,
      "pct_budget": 107.2,
      "num_performances": 10,
      "budget": 1444000,
      "total_seats": 32739,
      "seats_sold": 26135,
      "capacity_pct": 79.8,
      "atp": 59.21,
      "programming": "Mozart Requiem (SP) (1); Strauss' Alpine( SP) (1); Piazza CS3 Mozart Requiem (1); Piazza CS4 Alpine (1); Tubby the Tuba (1); Christmas Festival (1); Home Alone (1); Frozen (1); Handel's Messiah (1); Texas Tenors (1)"
    },
    {
      "date": "2025-06-09",
      "fiscal_year": "FY25",
      "quintile": "sep-oct",
      "quintile_name": "Sep-Oct",
      "source_file": "2025.06.09 FY25 Ticket Sales Report.xlsx",
      "actual_revenue": 960015,
      "pct_budget": 82.5,
      "num_performances": 9,
      "budget": 1163870,
      "total_seats": 27604,
      "seats_sold": 14772,
      "capacity_pct": 53.5,
      "atp": 64.99,
      "programming": "Stravinsky's Firebird (1); Mendels Scottish/Shaham (1); Kristin Chenoweth (1); Jurassic Park (1); Psycho in Concert (1); Silent Film: Nosferatu (1); Hocus Pocus (1); Alisa Weilerstein (1); Dionne Warwick (1)"
    },
    {
      "date": "2025-06-16",
      "fiscal_year": "FY25",
      "quintile": "jan-feb",
      "quintile_name": "Jan-Feb",
      "source_file": "2025.06.16 FY25 Ticket Sales Report.xlsx",
      "actual_revenue": 1250134,
      "pct_budget": 95,
      "num_performances": 14,
      "budget": 1316490,
      "total_seats": 39059,
      "seats_sold": 20108,
      "capacity_pct": 51.5,
      "atp": 62.17,
      "programming": "Saint-Saens Organ/Pahud (1); Beethoven 7/Conrad Tao (SP) (1); Shosty 10/Gomyo (1); Pictures at an Exhibition (SP) (1); Piazza CS6 Beethoven 7 (1); Piazza CS8 Pictures (1); Disney's The Sound of Magic (1); Kings of Soul (1); Dan Brown's Wild Symphony (1); Harry Potter 1 (1); Casablanca (1); Emmanuel Pahud (1); Conrad Tao (1); Cody Fry (1)"
    },
    {
      "date": "2025-06-16",
      "fiscal_year": "FY25",
      "quintile": "mar-apr",
      "quintile_name": "Mar-Apr",
      "source_file": "2025.06.16 FY25 Ticket Sales Report.xlsx",
      "actual_revenue": 1153336,
      "pct_budget": 104.6,
      "num_performances": 11,
      "budget": 1102870,
      "total_seats": 30514,
      "seats_sold": 17278,
      "capacity_pct": 56.6,
      "atp": 66.75,
      "programming": "Prokofiev Romeo & Juliet (SP) (1); Tchaik Pathetique (SP) (1); Genius of Mozart (1); Piazza CS9 Prokofiev R&J (1); Piazza CS10 Tchaik 6 (1); Ultimate John Williams (1); Project Trio (1); How to Train Your Dragon (1); Jean-Yves Thibaudet (1); Ben Folds (1); Decades: Back to the 80s (1)"
    },
    {
      "date": "2025-06-16",
      "fiscal_year": "FY25",
      "quintile": "may-jun",
      "quintile_name": "May-Jun",
      "source_file": "2025.06.16 FY25 Ticket Sales Report.xlsx",
      "actual_revenue": 520596,
      "pct_budget": 99.2,
      "num_performances": 6,
      "budget": 524870,
      "total_seats": 21027,
      "seats_sold": 10312,
      "capacity_pct": 49,
      "atp": 50.48,
      "programming": "French Masters (1); Matthias Conducts Mahler (1); Beethoven VC/Wagner (SP) (1); Piazza CS14 Wagner (1); Sailing Yacht Rock (1); Jaws (1)"
    },
    {
      "date": "2025-06-16",
      "fiscal_year": "FY25",
      "quintile": "nov-dec",
      "quintile_name": "Nov-Dec",
      "source_file": "2025.06.16 FY25 Ticket Sales Report.xlsx",
      "actual_revenue": 1547449,
      "pct_budget": 107.2,
      "num_performances": 10,
      "budget": 1444000,
      "total_seats": 32739,
      "seats_sold": 26135,
      "capacity_pct": 79.8,
      "atp": 59.21,
      "programming": "Mozart Requiem (SP) (1); Strauss' Alpine( SP) (1); Piazza CS3 Mozart Requiem (1); Piazza CS4 Alpine (1); Tubby the Tuba (1); Christmas Festival (1); Home Alone (1); Frozen (1); Handel's Messiah (1); Texas Tenors (1)"
    },
    {
      "date": "2025-06-16",
      "fiscal_year": "FY25",
      "quintile": "sep-oct",
      "quintile_name": "Sep-Oct",
      "source_file": "2025.06.16 FY25 Ticket Sales Report.xlsx",
      "actual_revenue": 960015,
      "pct_budget": 82.5,
      "num_performances": 9,
      "budget": 1163870,
      "total_seats": 27604,
      "seats_sold": 14772,
      "capacity_pct": 53.5,
      "atp": 64.99,
      "programming": "Stravinsky's Firebird (1); Mendels Scottish/Shaham (1); Kristin Chenoweth (1); Jurassic Park (1); Psycho in Concert (1); Silent Film: Nosferatu (1); Hocus Pocus (1); Alisa Weilerstein (1); Dionne Warwick (1)"
    },
    {
      "date": "2025-08-04",
      "fiscal_year": "FY26",
      "quintile": "jan-feb",
      "quintile_name": "Jan-Feb",
      "source_file": "2025.08.04 FY26 Ticket Sales Report.xlsx",
      "actual_revenue": 14,
      "pct_budget": 0,
      "num_performances": 25,
      "budget": 35956,
      "total_seats": 3,
      "seats_sold": 1341896,
      "capacity_pct": 46432387.5,
      "atp": 0,
      "programming": "26 Indiana Jones: Raiders Lost (4); 26 Harry Potter 2: Chamber (4); 26 CS05 Pines of Rome & Bruch (3); 26 CS06 Beethoven+ (3); 26 PS3 She's Got Soul (3); 26 CS04 Brahms' Fourth Symphony (1); 27 CS04 Brahms' Fourth Symphony (1); 28 CS04 Brahms' Fourth Symphony (1); 26 On-Stage 2 (1); 26 CS07 Prokofiev's Fifth Symphony (1); 27 CS07 Prokofiev's Fifth Symphony (1); 28 CS07 Prokofiev's Fifth Symphony (1); 26 Chris Thile (1)"
    },
    {
      "date": "2025-08-04",
      "fiscal_year": "FY26",
      "quintile": "mar-apr",
      "quintile_name": "Mar-Apr",
      "source_file": "2025.08.04 FY26 Ticket Sales Report.xlsx",
      "actual_revenue": 13,
      "pct_budget": 0.1,
      "num_performances": 15,
      "budget": 23562,
      "total_seats": 1,
      "seats_sold": 503215,
      "capacity_pct": 45746818.2,
      "atp": 0,
      "programming": "26 CS08 Saint-Sans & Strauss (3); 26 PS4 Billy Joel & Elton John (3); 26 CS09 Midsummer Night's Dream (3); 26 CS10 Farrenc/Dvork/Schuman (3); Final Symphony (2); 26 FS3 Philharmonia Fantastique (1)"
    },
    {
      "date": "2025-08-04",
      "fiscal_year": "FY26",
      "quintile": "may-jun",
      "quintile_name": "May-Jun",
      "source_file": "2025.08.04 FY26 Ticket Sales Report.xlsx",
      "actual_revenue": 16,
      "pct_budget": 0.1,
      "num_performances": 19,
      "budget": 26366,
      "total_seats": 2,
      "seats_sold": 712936,
      "capacity_pct": 37922127.7,
      "atp": 0,
      "programming": "26 CS11 Grieg's Piano Concerto (3); 26 PS5 Dolly Parton's Threads (3); 26 CS13 Rachmaninoff Cele Pt 2 (3); 26 CS14 Rhapsody in Blue (3); Ben Rector (2); 26 On-Stage 3 (1); 26 CS12 Gil Shaham Plays Brahm's 4th (1); 27 CS12 Gil Shaham Plays Brahm's 4th (1); 28 CS12 Gil Shaham Plays Brahm's 4th (1); 26 On-Stage 4 (1)"
    },
    {
      "date": "2025-08-04",
      "fiscal_year": "FY26",
      "quintile": "nov-dec",
      "quintile_name": "Nov-Dec",
      "source_file": "2025.08.04 FY26 Ticket Sales Report.xlsx",
      "actual_revenue": 5,
      "pct_budget": 0,
      "num_performances": 23,
      "budget": 31960,
      "total_seats": 5,
      "seats_sold": 1731000,
      "capacity_pct": 34689378.8,
      "atp": 0,
      "programming": "26 Christmas Festival (6); 26 Elf in Concert (4); 26 CS03 Matthias and Mahler 7 (3); 26 Handel's Messiah (3); 26 CS02 Rachmaninoff Cele Pt 1 (2); 26 Leslie Odom Jr.: Christmas (2); 26 It's a Wonderful Life (2); 26 FS2 Carnival of the Animals (1)"
    },
    {
      "date": "2025-08-04",
      "fiscal_year": "FY26",
      "quintile": "sep-oct",
      "quintile_name": "Sep-Oct",
      "source_file": "2025.08.04 FY26 Ticket Sales Report.xlsx",
      "actual_revenue": 11,
      "pct_budget": 0,
      "num_performances": 20,
      "budget": 27304,
      "total_seats": 5,
      "seats_sold": 1171632,
      "capacity_pct": 22574797.7,
      "atp": 0,
      "programming": "26 PS1 Music of Journey (3); 26 CS01 Appalachian Spring (3); 26 Top Gun: Maverick in Concert (3); 26 PS2 Night of Symphonic 90s (3); 26 Morgan Freeman's Symphonic Blues (2); 26 La nuit sombre (1); 26 FS1 The Orchestra Games (1); Chicken Fried (1); 26 The Lodger (1); 26 On-Stage 1 (1); 26 CS02 Rachmaninoff Cele Pt 1 (1)"
    },
    {
      "date": "2025-08-11",
      "fiscal_year": "FY26",
      "quintile": "jan-feb",
      "quintile_name": "Jan-Feb",
      "source_file": "2025.08.11 FY26 Ticket Sales Report.xlsx",
      "actual_revenue": 14,
      "pct_budget": 0,
      "num_performances": 25,
      "budget": 35956,
      "total_seats": 3,
      "seats_sold": 1341896,
      "capacity_pct": 40297177.2,
      "atp": 0,
      "programming": "26 Indiana Jones: Raiders Lost (4); 26 Harry Potter 2: Chamber (4); 26 CS05 Pines of Rome & Bruch (3); 26 CS06 Beethoven+ (3); 26 PS3 She's Got Soul (3); 26 CS04 Brahms' Fourth Symphony (1); 27 CS04 Brahms' Fourth Symphony (1); 28 CS04 Brahms' Fourth Symphony (1); 26 On-Stage 2 (1); 26 CS07 Prokofiev's Fifth Symphony (1); 27 CS07 Prokofiev's Fifth Symphony (1); 28 CS07 Prokofiev's Fifth Symphony (1); 26 Chris Thile (1)"
    },
    {
      "date": "2025-08-11",
      "fiscal_year": "FY26",
      "quintile": "mar-apr",
      "quintile_name": "Mar-Apr",
      "source_file": "2025.08.11 FY26 Ticket Sales Report.xlsx",
      "actual_revenue": 13,
      "pct_budget": 0.1,
      "num_performances": 15,
      "budget": 23562,
      "total_seats": 2,
      "seats_sold": 503215,
      "capacity_pct": 32676298.7,
      "atp": 0,
      "programming": "26 CS08 Saint-Sans & Strauss (3); 26 PS4 Billy Joel & Elton John (3); 26 CS09 Midsummer Night's Dream (3); 26 CS10 Farrenc/Dvork/Schuman (3); Final Symphony (2); 26 FS3 Philharmonia Fantastique (1)"
    },
    {
      "date": "2025-08-11",
      "fiscal_year": "FY26",
      "quintile": "may-jun",
      "quintile_name": "May-Jun",
      "source_file": "2025.08.11 FY26 Ticket Sales Report.xlsx",
      "actual_revenue": 15,
      "pct_budget": 0.1,
      "num_performances": 19,
      "budget": 26366,
      "total_seats": 2,
      "seats_sold": 712936,
      "capacity_pct": 29099428.6,
      "atp": 0,
      "programming": "26 CS11 Grieg's Piano Concerto (3); 26 PS5 Dolly Parton's Threads (3); 26 CS13 Rachmaninoff Cele Pt 2 (3); 26 CS14 Rhapsody in Blue (3); Ben Rector (2); 26 On-Stage 3 (1); 26 CS12 Gil Shaham Plays Brahm's 4th (1); 27 CS12 Gil Shaham Plays Brahm's 4th (1); 28 CS12 Gil Shaham Plays Brahm's 4th (1); 26 On-Stage 4 (1)"
    },
    {
      "date": "2025-08-11",
      "fiscal_year": "FY26",
      "quintile": "nov-dec",
      "quintile_name": "Nov-Dec",
      "source_file": "2025.08.11 FY26 Ticket Sales Report.xlsx",
      "actual_revenue": 5,
      "pct_budget": 0,
      "num_performances": 23,
      "budget": 31960,
      "total_seats": 6,
      "seats_sold": 1731000,
      "capacity_pct": 30475352.1,
      "atp": 0,
      "programming": "26 Christmas Festival (6); 26 Elf in Concert (4); 26 CS03 Matthias and Mahler 7 (3); 26 Handel's Messiah (3); 26 CS02 Rachmaninoff Cele Pt 1 (2); 26 Leslie Odom Jr.: Christmas (2); 26 It's a Wonderful Life (2); 26 FS2 Carnival of the Animals (1)"
    },
    {
      "date": "2025-08-11",
      "fiscal_year": "FY26",
      "quintile": "sep-oct",
      "quintile_name": "Sep-Oct",
      "source_file": "2025.08.11 FY26 Ticket Sales Report.xlsx",
      "actual_revenue": 11,
      "pct_budget": 0,
      "num_performances": 20,
      "budget": 27304,
      "total_seats": 6,
      "seats_sold": 1171632,
      "capacity_pct": 18480000,
      "atp": 0,
      "programming": "26 PS1 Music of Journey (3); 26 CS01 Appalachian Spring (3); 26 Top Gun: Maverick in Concert (3); 26 PS2 Night of Symphonic 90s (3); 26 Morgan Freeman's Symphonic Blues (2); 26 La nuit sombre (1); 26 FS1 The Orchestra Games (1); Chicken Fried (1); 26 The Lodger (1); 26 On-Stage 1 (1); 26 CS02 Rachmaninoff Cele Pt 1 (1)"
    },
    {
      "date": "2025-08-18",
      "fiscal_year": "FY26",
      "quintile": "jan-feb",
      "quintile_name": "Jan-Feb",
      "source_file": "2025.08.18 FY26 Ticket Sales Report.xlsx",
      "actual_revenue": 14,
      "pct_budget": 0,
      "num_performances": 25,
      "budget": 35956,
      "total_seats": 4,
      "seats_sold": 1341896,
      "capacity_pct": 35716851.5,
      "atp": 0,
      "programming": "26 Indiana Jones: Raiders Lost (4); 26 Harry Potter 2: Chamber (4); 26 CS05 Pines of Rome & Bruch (3); 26 CS06 Beethoven+ (3); 26 PS3 She's Got Soul (3); 26 CS04 Brahms' Fourth Symphony (1); 27 CS04 Brahms' Fourth Symphony (1); 28 CS04 Brahms' Fourth Symphony (1); 26 On-Stage 2 (1); 26 CS07 Prokofiev's Fifth Symphony (1); 27 CS07 Prokofiev's Fifth Symphony (1); 28 CS07 Prokofiev's Fifth Symphony (1); 26 Chris Thile (1)"
    },
    {
      "date": "2025-08-18",
      "fiscal_year": "FY26",
      "quintile": "mar-apr",
      "quintile_name": "Mar-Apr",
      "source_file": "2025.08.18 FY26 Ticket Sales Report.xlsx",
      "actual_revenue": 13,
      "pct_budget": 0.1,
      "num_performances": 15,
      "budget": 23091,
      "total_seats": 2,
      "seats_sold": 503215,
      "capacity_pct": 28874136.1,
      "atp": 0,
      "programming": "26 CS08 Saint-Sans & Strauss (3); 26 PS4 Billy Joel & Elton John (3); 26 CS09 Midsummer Night's Dream (3); 26 CS10 Farrenc/Dvork/Schuman (3); Final Symphony (2); 26 FS3 Philharmonia Fantastique (1)"
    },
    {
      "date": "2025-08-18",
      "fiscal_year": "FY26",
      "quintile": "may-jun",
      "quintile_name": "May-Jun",
      "source_file": "2025.08.18 FY26 Ticket Sales Report.xlsx",
      "actual_revenue": 16,
      "pct_budget": 0.1,
      "num_performances": 19,
      "budget": 26366,
      "total_seats": 3,
      "seats_sold": 712936,
      "capacity_pct": 26464047.6,
      "atp": 0,
      "programming": "26 CS11 Grieg's Piano Concerto (3); 26 PS5 Dolly Parton's Threads (3); 26 CS13 Rachmaninoff Cele Pt 2 (3); 26 CS14 Rhapsody in Blue (3); Ben Rector (2); 26 On-Stage 3 (1); 26 CS12 Gil Shaham Plays Brahm's 4th (1); 27 CS12 Gil Shaham Plays Brahm's 4th (1); 28 CS12 Gil Shaham Plays Brahm's 4th (1); 26 On-Stage 4 (1)"
    },
    {
      "date": "2025-08-18",
      "fiscal_year": "FY26",
      "quintile": "nov-dec",
      "quintile_name": "Nov-Dec",
      "source_file": "2025.08.18 FY26 Ticket Sales Report.xlsx",
      "actual_revenue": 5,
      "pct_budget": 0,
      "num_performances": 23,
      "budget": 32825,
      "total_seats": 6,
      "seats_sold": 1731000,
      "capacity_pct": 27881163.4,
      "atp": 0,
      "programming": "26 Christmas Festival (6); 26 Elf in Concert (4); 26 CS03 Matthias and Mahler 7 (3); 26 Handel's Messiah (3); 26 CS02 Rachmaninoff Cele Pt 1 (2); 26 Leslie Odom Jr.: Christmas (2); 26 It's a Wonderful Life (2); 26 FS2 Carnival of the Animals (1)"
    },
    {
      "date": "2025-08-18",
      "fiscal_year": "FY26",
      "quintile": "sep-oct",
      "quintile_name": "Sep-Oct",
      "source_file": "2025.08.18 FY26 Ticket Sales Report.xlsx",
      "actual_revenue": 11,
      "pct_budget": 0,
      "num_performances": 20,
      "budget": 26676,
      "total_seats": 7,
      "seats_sold": 1171632,
      "capacity_pct": 16085411,
      "atp": 0,
      "programming": "26 PS1 Music of Journey (3); 26 CS01 Appalachian Spring (3); 26 Top Gun: Maverick in Concert (3); 26 PS2 Night of Symphonic 90s (3); 26 Morgan Freeman's Symphonic Blues (2); 26 La nuit sombre (1); 26 FS1 The Orchestra Games (1); Chicken Fried (1); 26 The Lodger (1); 26 On-Stage 1 (1); 26 CS02 Rachmaninoff Cele Pt 1 (1)"
    },
    {
      "date": "2025-08-21",
      "fiscal_year": "FY26",
      "quintile": "jan-feb",
      "quintile_name": "Jan-Feb",
      "source_file": "2025.08.21 FY26 Ticket Sales Report.xlsx",
      "actual_revenue": 14,
      "pct_budget": 0,
      "num_performances": 25,
      "budget": 35956,
      "total_seats": 4,
      "seats_sold": 1341896,
      "capacity_pct": 35716851.5,
      "atp": 0,
      "programming": "26 Indiana Jones: Raiders Lost (4); 26 Harry Potter 2: Chamber (4); 26 CS05 Pines of Rome & Bruch (3); 26 CS06 Beethoven+ (3); 26 PS3 She's Got Soul (3); 26 CS04 Brahms' Fourth Symphony (1); 27 CS04 Brahms' Fourth Symphony (1); 28 CS04 Brahms' Fourth Symphony (1); 26 On-Stage 2 (1); 26 CS07 Prokofiev's Fifth Symphony (1); 27 CS07 Prokofiev's Fifth Symphony (1); 28 CS07 Prokofiev's Fifth Symphony (1); 26 Chris Thile (1)"
    },
    {
      "date": "2025-08-21",
      "fiscal_year": "FY26",
      "quintile": "mar-apr",
      "quintile_name": "Mar-Apr",
      "source_file": "2025.08.21 FY26 Ticket Sales Report.xlsx",
      "actual_revenue": 13,
      "pct_budget": 0.1,
      "num_performances": 15,
      "budget": 23091,
      "total_seats": 2,
      "seats_sold": 503215,
      "capacity_pct": 28874136.1,
      "atp": 0,
      "programming": "26 CS08 Saint-Sans & Strauss (3); 26 PS4 Billy Joel & Elton John (3); 26 CS09 Midsummer Night's Dream (3); 26 CS10 Farrenc/Dvork/Schuman (3); Final Symphony (2); 26 FS3 Philharmonia Fantastique (1)"
    },
    {
      "date": "2025-08-21",
      "fiscal_year": "FY26",
      "quintile": "may-jun",
      "quintile_name": "May-Jun",
      "source_file": "2025.08.21 FY26 Ticket Sales Report.xlsx",
      "actual_revenue": 16,
      "pct_budget": 0.1,
      "num_performances": 19,
      "budget": 26366,
      "total_seats": 3,
      "seats_sold": 712936,
      "capacity_pct": 26464047.6,
      "atp": 0,
      "programming": "26 CS11 Grieg's Piano Concerto (3); 26 PS5 Dolly Parton's Threads (3); 26 CS13 Rachmaninoff Cele Pt 2 (3); 26 CS14 Rhapsody in Blue (3); Ben Rector (2); 26 On-Stage 3 (1); 26 CS12 Gil Shaham Plays Brahm's 4th (1); 27 CS12 Gil Shaham Plays Brahm's 4th (1); 28 CS12 Gil Shaham Plays Brahm's 4th (1); 26 On-Stage 4 (1)"
    },
    {
      "date": "2025-08-21",
      "fiscal_year": "FY26",
      "quintile": "nov-dec",
      "quintile_name": "Nov-Dec",
      "source_file": "2025.08.21 FY26 Ticket Sales Report.xlsx",
      "actual_revenue": 5,
      "pct_budget": 0,
      "num_performances": 23,
      "budget": 32825,
      "total_seats": 6,
      "seats_sold": 1731000,
      "capacity_pct": 27881163.4,
      "atp": 0,
      "programming": "26 Christmas Festival (6); 26 Elf in Concert (4); 26 CS03 Matthias and Mahler 7 (3); 26 Handel's Messiah (3); 26 CS02 Rachmaninoff Cele Pt 1 (2); 26 Leslie Odom Jr.: Christmas (2); 26 It's a Wonderful Life (2); 26 FS2 Carnival of the Animals (1)"
    },
    {
      "date": "2025-08-21",
      "fiscal_year": "FY26",
      "quintile": "sep-oct",
      "quintile_name": "Sep-Oct",
      "source_file": "2025.08.21 FY26 Ticket Sales Report.xlsx",
      "actual_revenue": 11,
      "pct_budget": 0,
      "num_performances": 20,
      "budget": 26676,
      "total_seats": 7,
      "seats_sold": 1171632,
      "capacity_pct": 16085411,
      "atp": 0,
      "programming": "26 PS1 Music of Journey (3); 26 CS01 Appalachian Spring (3); 26 Top Gun: Maverick in Concert (3); 26 PS2 Night of Symphonic 90s (3); 26 Morgan Freeman's Symphonic Blues (2); 26 La nuit sombre (1); 26 FS1 The Orchestra Games (1); Chicken Fried (1); 26 The Lodger (1); 26 On-Stage 1 (1); 26 CS02 Rachmaninoff Cele Pt 1 (1)"
    },
    {
      "date": "2025-08-25",
      "fiscal_year": "FY26",
      "quintile": "jan-feb",
      "quintile_name": "Jan-Feb",
      "source_file": "2025.08.25 FY26 Ticket Sales Report.xlsx",
      "actual_revenue": 14,
      "pct_budget": 0,
      "num_performances": 25,
      "budget": 35956,
      "total_seats": 4,
      "seats_sold": 1341896,
      "capacity_pct": 33863109.2,
      "atp": 0,
      "programming": "26 Indiana Jones: Raiders Lost (4); 26 Harry Potter 2: Chamber (4); 26 CS05 Pines of Rome & Bruch (3); 26 CS06 Beethoven+ (3); 26 PS3 She's Got Soul (3); 26 CS04 Brahms' Fourth Symphony (1); 27 CS04 Brahms' Fourth Symphony (1); 28 CS04 Brahms' Fourth Symphony (1); 26 On-Stage 2 (1); 26 CS07 Prokofiev's Fifth Symphony (1); 27 CS07 Prokofiev's Fifth Symphony (1); 28 CS07 Prokofiev's Fifth Symphony (1); 26 Chris Thile (1)"
    },
    {
      "date": "2025-08-25",
      "fiscal_year": "FY26",
      "quintile": "mar-apr",
      "quintile_name": "Mar-Apr",
      "source_file": "2025.08.25 FY26 Ticket Sales Report.xlsx",
      "actual_revenue": 13,
      "pct_budget": 0.1,
      "num_performances": 15,
      "budget": 23091,
      "total_seats": 2,
      "seats_sold": 503215,
      "capacity_pct": 27075338.3,
      "atp": 0,
      "programming": "26 CS08 Saint-Sans & Strauss (3); 26 PS4 Billy Joel & Elton John (3); 26 CS09 Midsummer Night's Dream (3); 26 CS10 Farrenc/Dvork/Schuman (3); Final Symphony (2); 26 FS3 Philharmonia Fantastique (1)"
    },
    {
      "date": "2025-08-25",
      "fiscal_year": "FY26",
      "quintile": "may-jun",
      "quintile_name": "May-Jun",
      "source_file": "2025.08.25 FY26 Ticket Sales Report.xlsx",
      "actual_revenue": 16,
      "pct_budget": 0.1,
      "num_performances": 19,
      "budget": 26366,
      "total_seats": 3,
      "seats_sold": 712936,
      "capacity_pct": 24464820.4,
      "atp": 0,
      "programming": "26 CS11 Grieg's Piano Concerto (3); 26 PS5 Dolly Parton's Threads (3); 26 CS13 Rachmaninoff Cele Pt 2 (3); 26 CS14 Rhapsody in Blue (3); Ben Rector (2); 26 On-Stage 3 (1); 26 CS12 Gil Shaham Plays Brahm's 4th (1); 27 CS12 Gil Shaham Plays Brahm's 4th (1); 28 CS12 Gil Shaham Plays Brahm's 4th (1); 26 On-Stage 4 (1)"
    },
    {
      "date": "2025-08-25",
      "fiscal_year": "FY26",
      "quintile": "nov-dec",
      "quintile_name": "Nov-Dec",
      "source_file": "2025.08.25 FY26 Ticket Sales Report.xlsx",
      "actual_revenue": 5,
      "pct_budget": 0,
      "num_performances": 23,
      "budget": 32825,
      "total_seats": 7,
      "seats_sold": 1731000,
      "capacity_pct": 25537382.1,
      "atp": 0,
      "programming": "26 Christmas Festival (6); 26 Elf in Concert (4); 26 CS03 Matthias and Mahler 7 (3); 26 Handel's Messiah (3); 26 CS02 Rachmaninoff Cele Pt 1 (2); 26 Leslie Odom Jr.: Christmas (2); 26 It's a Wonderful Life (2); 26 FS2 Carnival of the Animals (1)"
    },
    {
      "date": "2025-08-25",
      "fiscal_year": "FY26",
      "quintile": "sep-oct",
      "quintile_name": "Sep-Oct",
      "source_file": "2025.08.25 FY26 Ticket Sales Report.xlsx",
      "actual_revenue": 11,
      "pct_budget": 0,
      "num_performances": 20,
      "budget": 26676,
      "total_seats": 8,
      "seats_sold": 1171632,
      "capacity_pct": 14616876.2,
      "atp": 0,
      "programming": "26 PS1 Music of Journey (3); 26 CS01 Appalachian Spring (3); 26 Top Gun: Maverick in Concert (3); 26 PS2 Night of Symphonic 90s (3); 26 Morgan Freeman's Symphonic Blues (2); 26 La nuit sombre (1); 26 FS1 The Orchestra Games (1); Chicken Fried (1); 26 The Lodger (1); 26 On-Stage 1 (1); 26 CS02 Rachmaninoff Cele Pt 1 (1)"
    },
    {
      "date": "2025-09-01",
      "fiscal_year": "FY26",
      "quintile": "jan-feb",
      "quintile_name": "Jan-Feb",
      "source_file": "2025.09.01 FY26 Ticket Sales Report.xlsx",
      "actual_revenue": 556358,
      "pct_budget": 92.1,
      "num_performances": 15,
      "budget": 604000,
      "total_seats": 47161,
      "seats_sold": 0,
      "capacity_pct": 0,
      "atp": 0,
      "programming": "26 CS05 Pines of Rome & Bruch (3); 26 CS06 Beethoven+ (3); 26 PS3 She's Got Soul (3); 26 CS04 Brahms' Fourth Symphony (1); 27 CS04 Brahms' Fourth Symphony (1); 28 CS04 Brahms' Fourth Symphony (1); 26 CS07 Prokofiev's Fifth Symphony (1); 27 CS07 Prokofiev's Fifth Symphony (1); 28 CS07 Prokofiev's Fifth Symphony (1)"
    },
    {
      "date": "2025-09-01",
      "fiscal_year": "FY26",
      "quintile": "mar-apr",
      "quintile_name": "Mar-Apr",
      "source_file": "2025.09.01 FY26 Ticket Sales Report.xlsx",
      "actual_revenue": 463399,
      "pct_budget": 97.9,
      "num_performances": 13,
      "budget": 473500,
      "total_seats": 57448,
      "seats_sold": 0,
      "capacity_pct": 0,
      "atp": 0,
      "programming": "26 CS08 Saint-Sans & Strauss (3); 26 PS4 Billy Joel & Elton John (3); 26 CS09 Midsummer Night's Dream (3); 26 CS10 Farrenc/Dvork/Schuman (3); 26 FS3 Philharmonia Fantastique (1)"
    },
    {
      "date": "2025-09-01",
      "fiscal_year": "FY26",
      "quintile": "may-jun",
      "quintile_name": "May-Jun",
      "source_file": "2025.09.01 FY26 Ticket Sales Report.xlsx",
      "actual_revenue": 588327,
      "pct_budget": 103.2,
      "num_performances": 15,
      "budget": 570000,
      "total_seats": 69678,
      "seats_sold": 0,
      "capacity_pct": 0,
      "atp": 0,
      "programming": "26 CS11 Grieg's Piano Concerto (3); 26 PS5 Dolly Parton's Threads (3); 26 CS13 Rachmaninoff Cele Pt 2 (3); 26 CS14 Rhapsody in Blue (3); 26 CS12 Gil Shaham Plays Brahm's 4th (1); 27 CS12 Gil Shaham Plays Brahm's 4th (1); 28 CS12 Gil Shaham Plays Brahm's 4th (1)"
    },
    {
      "date": "2025-09-01",
      "fiscal_year": "FY26",
      "quintile": "nov-dec",
      "quintile_name": "Nov-Dec",
      "source_file": "2025.09.01 FY26 Ticket Sales Report.xlsx",
      "actual_revenue": 191893,
      "pct_budget": 71.9,
      "num_performances": 7,
      "budget": 266950,
      "total_seats": 60670,
      "seats_sold": 0,
      "capacity_pct": 0,
      "atp": 0,
      "programming": "26 CS03 Matthias and Mahler 7 (3); 26 CS02 Rachmaninoff Cele Pt 1 (2); 26 FS2 Carnival of the Animals (1); 26 Christmas Festival (1)"
    },
    {
      "date": "2025-09-01",
      "fiscal_year": "FY26",
      "quintile": "sep-oct",
      "quintile_name": "Sep-Oct",
      "source_file": "2025.09.01 FY26 Ticket Sales Report.xlsx",
      "actual_revenue": 390339,
      "pct_budget": 102.6,
      "num_performances": 18,
      "budget": 380500,
      "total_seats": 538812,
      "seats_sold": 13,
      "capacity_pct": 0,
      "atp": 31182.66,
      "programming": "26 PS1 Music of Journey (3); 26 CS01 Appalachian Spring (3); 26 Top Gun: Maverick in Concert (3); 26 PS2 Night of Symphonic 90s (3); 26 Morgan Freeman's Symphonic Blues (2); 26 La nuit sombre (1); 26 FS1 The Orchestra Games (1); Chicken Fried (1); 26 CS02 Rachmaninoff Cele Pt 1 (1)"
    },
    {
      "date": "2025-09-08",
      "fiscal_year": "FY26",
      "quintile": "jan-feb",
      "quintile_name": "Jan-Feb",
      "source_file": "2025.09.08 FY26 Ticket Sales Report.xlsx",
      "actual_revenue": 556184,
      "pct_budget": 92.1,
      "num_performances": 15,
      "budget": 604000,
      "total_seats": 51924,
      "seats_sold": 0,
      "capacity_pct": 0,
      "atp": 0,
      "programming": "26 CS05 Pines of Rome & Bruch (3); 26 CS06 Beethoven+ (3); 26 PS3 She's Got Soul (3); 26 CS04 Brahms' Fourth Symphony (1); 27 CS04 Brahms' Fourth Symphony (1); 28 CS04 Brahms' Fourth Symphony (1); 26 CS07 Prokofiev's Fifth Symphony (1); 27 CS07 Prokofiev's Fifth Symphony (1); 28 CS07 Prokofiev's Fifth Symphony (1)"
    },
    {
      "date": "2025-09-08",
      "fiscal_year": "FY26",
      "quintile": "mar-apr",
      "quintile_name": "Mar-Apr",
      "source_file": "2025.09.08 FY26 Ticket Sales Report.xlsx",
      "actual_revenue": 463757,
      "pct_budget": 97.9,
      "num_performances": 13,
      "budget": 473500,
      "total_seats": 60845,
      "seats_sold": 0,
      "capacity_pct": 0,
      "atp": 0,
      "programming": "26 CS08 Saint-Sans & Strauss (3); 26 PS4 Billy Joel & Elton John (3); 26 CS09 Midsummer Night's Dream (3); 26 CS10 Farrenc/Dvork/Schuman (3); 26 FS3 Philharmonia Fantastique (1)"
    },
    {
      "date": "2025-09-08",
      "fiscal_year": "FY26",
      "quintile": "may-jun",
      "quintile_name": "May-Jun",
      "source_file": "2025.09.08 FY26 Ticket Sales Report.xlsx",
      "actual_revenue": 588808,
      "pct_budget": 103.3,
      "num_performances": 15,
      "budget": 570000,
      "total_seats": 75176,
      "seats_sold": 0,
      "capacity_pct": 0,
      "atp": 0,
      "programming": "26 CS11 Grieg's Piano Concerto (3); 26 PS5 Dolly Parton's Threads (3); 26 CS13 Rachmaninoff Cele Pt 2 (3); 26 CS14 Rhapsody in Blue (3); 26 CS12 Gil Shaham Plays Brahm's 4th (1); 27 CS12 Gil Shaham Plays Brahm's 4th (1); 28 CS12 Gil Shaham Plays Brahm's 4th (1)"
    },
    {
      "date": "2025-09-08",
      "fiscal_year": "FY26",
      "quintile": "nov-dec",
      "quintile_name": "Nov-Dec",
      "source_file": "2025.09.08 FY26 Ticket Sales Report.xlsx",
      "actual_revenue": 191813,
      "pct_budget": 71.9,
      "num_performances": 7,
      "budget": 266950,
      "total_seats": 68816,
      "seats_sold": 0,
      "capacity_pct": 0,
      "atp": 0,
      "programming": "26 CS03 Matthias and Mahler 7 (3); 26 CS02 Rachmaninoff Cele Pt 1 (2); 26 FS2 Carnival of the Animals (1); 26 Christmas Festival (1)"
    },
    {
      "date": "2025-09-08",
      "fiscal_year": "FY26",
      "quintile": "sep-oct",
      "quintile_name": "Sep-Oct",
      "source_file": "2025.09.08 FY26 Ticket Sales Report.xlsx",
      "actual_revenue": 386690,
      "pct_budget": 101.6,
      "num_performances": 16,
      "budget": 380500,
      "total_seats": 307209,
      "seats_sold": 13,
      "capacity_pct": 0,
      "atp": 29005.02,
      "programming": "26 PS1 Music of Journey (3); 26 CS01 Appalachian Spring (3); 26 Top Gun: Maverick in Concert (3); 26 PS2 90s Mixtape (3); 26 FS1 The Orchestra Games (1); Chicken Fried (1); 26 The Lodger (1); 26 CS02 Rachmaninoff Cele Pt 1 (1)"
    },
    {
      "date": "2025-09-15",
      "fiscal_year": "FY26",
      "quintile": "jan-feb",
      "quintile_name": "Jan-Feb",
      "source_file": "2025.09.15 FY26 Ticket Sales Report.xlsx",
      "actual_revenue": 556289,
      "pct_budget": 92.1,
      "num_performances": 15,
      "budget": 604000,
      "total_seats": 53350,
      "seats_sold": 0,
      "capacity_pct": 0,
      "atp": 0,
      "programming": "26 CS05 Pines of Rome & Bruch (3); 26 CS06 Beethoven+ (3); 26 PS3 She's Got Soul (3); 26 CS04 Brahms' Fourth Symphony (1); 27 CS04 Brahms' Fourth Symphony (1); 28 CS04 Brahms' Fourth Symphony (1); 26 CS07 Prokofiev's Fifth Symphony (1); 27 CS07 Prokofiev's Fifth Symphony (1); 28 CS07 Prokofiev's Fifth Symphony (1)"
    },
    {
      "date": "2025-09-15",
      "fiscal_year": "FY26",
      "quintile": "mar-apr",
      "quintile_name": "Mar-Apr",
      "source_file": "2025.09.15 FY26 Ticket Sales Report.xlsx",
      "actual_revenue": 464410,
      "pct_budget": 98.1,
      "num_performances": 13,
      "budget": 473500,
      "total_seats": 64088,
      "seats_sold": 0,
      "capacity_pct": 0,
      "atp": 0,
      "programming": "26 CS08 Saint-Sans & Strauss (3); 26 PS4 Billy Joel & Elton John (3); 26 CS09 Midsummer Night's Dream (3); 26 CS10 Farrenc/Dvork/Schuman (3); 26 FS3 Philharmonia Fantastique (1)"
    },
    {
      "date": "2025-09-15",
      "fiscal_year": "FY26",
      "quintile": "may-jun",
      "quintile_name": "May-Jun",
      "source_file": "2025.09.15 FY26 Ticket Sales Report.xlsx",
      "actual_revenue": 589517,
      "pct_budget": 103.4,
      "num_performances": 15,
      "budget": 570000,
      "total_seats": 76141,
      "seats_sold": 0,
      "capacity_pct": 0,
      "atp": 0,
      "programming": "26 CS11 Grieg's Piano Concerto (3); 26 PS5 Dolly Parton's Threads (3); 26 CS13 Rachmaninoff Cele Pt 2 (3); 26 CS14 Rhapsody in Blue (3); 26 CS12 Gil Shaham Plays Brahm's 4th (1); 27 CS12 Gil Shaham Plays Brahm's 4th (1); 28 CS12 Gil Shaham Plays Brahm's 4th (1)"
    },
    {
      "date": "2025-09-15",
      "fiscal_year": "FY26",
      "quintile": "nov-dec",
      "quintile_name": "Nov-Dec",
      "source_file": "2025.09.15 FY26 Ticket Sales Report.xlsx",
      "actual_revenue": 191715,
      "pct_budget": 71.8,
      "num_performances": 7,
      "budget": 266950,
      "total_seats": 74871,
      "seats_sold": 3,
      "capacity_pct": 0,
      "atp": 61798.55,
      "programming": "26 CS03 Matthias and Mahler 7 (3); 26 CS02 Rachmaninoff Cele Pt 1 (2); 26 FS2 Carnival of the Animals (1); 26 Christmas Festival (1)"
    },
    {
      "date": "2025-09-15",
      "fiscal_year": "FY26",
      "quintile": "sep-oct",
      "quintile_name": "Sep-Oct",
      "source_file": "2025.09.15 FY26 Ticket Sales Report.xlsx",
      "actual_revenue": 380855,
      "pct_budget": 100.1,
      "num_performances": 17,
      "budget": 380500,
      "total_seats": 345874,
      "seats_sold": 14,
      "capacity_pct": 0,
      "atp": 26890.24,
      "programming": "26 PS1 Music of Journey (3); 26 CS01 Appalachian Spring (3); 26 Top Gun: Maverick in Concert (3); 26 PS2 90s Mixtape (3); 26 FS1 The Orchestra Games (1); Chicken Fried (1); 26 The Lodger (1); 26 On-Stage 1 (1); 26 CS02 Rachmaninoff Cele Pt 1 (1)"
    },
    {
      "date": "2025-09-17",
      "fiscal_year": "FY26",
      "quintile": "jan-feb",
      "quintile_name": "Jan-Feb",
      "source_file": "2025.09.17 FY26 Ticket Sales Report.xlsx",
      "actual_revenue": 556184,
      "pct_budget": 92.1,
      "num_performances": 15,
      "budget": 604000,
      "total_seats": 51924,
      "seats_sold": 0,
      "capacity_pct": 0,
      "atp": 0,
      "programming": "26 CS05 Pines of Rome & Bruch (3); 26 CS06 Beethoven+ (3); 26 PS3 She's Got Soul (3); 26 CS04 Brahms' Fourth Symphony (1); 27 CS04 Brahms' Fourth Symphony (1); 28 CS04 Brahms' Fourth Symphony (1); 26 CS07 Prokofiev's Fifth Symphony (1); 27 CS07 Prokofiev's Fifth Symphony (1); 28 CS07 Prokofiev's Fifth Symphony (1)"
    },
    {
      "date": "2025-09-17",
      "fiscal_year": "FY26",
      "quintile": "mar-apr",
      "quintile_name": "Mar-Apr",
      "source_file": "2025.09.17 FY26 Ticket Sales Report.xlsx",
      "actual_revenue": 463757,
      "pct_budget": 97.9,
      "num_performances": 13,
      "budget": 473500,
      "total_seats": 60845,
      "seats_sold": 0,
      "capacity_pct": 0,
      "atp": 0,
      "programming": "26 CS08 Saint-Sans & Strauss (3); 26 PS4 Billy Joel & Elton John (3); 26 CS09 Midsummer Night's Dream (3); 26 CS10 Farrenc/Dvork/Schuman (3); 26 FS3 Philharmonia Fantastique (1)"
    },
    {
      "date": "2025-09-17",
      "fiscal_year": "FY26",
      "quintile": "may-jun",
      "quintile_name": "May-Jun",
      "source_file": "2025.09.17 FY26 Ticket Sales Report.xlsx",
      "actual_revenue": 588808,
      "pct_budget": 103.3,
      "num_performances": 15,
      "budget": 570000,
      "total_seats": 75176,
      "seats_sold": 0,
      "capacity_pct": 0,
      "atp": 0,
      "programming": "26 CS11 Grieg's Piano Concerto (3); 26 PS5 Dolly Parton's Threads (3); 26 CS13 Rachmaninoff Cele Pt 2 (3); 26 CS14 Rhapsody in Blue (3); 26 CS12 Gil Shaham Plays Brahm's 4th (1); 27 CS12 Gil Shaham Plays Brahm's 4th (1); 28 CS12 Gil Shaham Plays Brahm's 4th (1)"
    },
    {
      "date": "2025-09-17",
      "fiscal_year": "FY26",
      "quintile": "nov-dec",
      "quintile_name": "Nov-Dec",
      "source_file": "2025.09.17 FY26 Ticket Sales Report.xlsx",
      "actual_revenue": 191813,
      "pct_budget": 71.9,
      "num_performances": 7,
      "budget": 266950,
      "total_seats": 68816,
      "seats_sold": 0,
      "capacity_pct": 0,
      "atp": 0,
      "programming": "26 CS03 Matthias and Mahler 7 (3); 26 CS02 Rachmaninoff Cele Pt 1 (2); 26 FS2 Carnival of the Animals (1); 26 Christmas Festival (1)"
    },
    {
      "date": "2025-09-17",
      "fiscal_year": "FY26",
      "quintile": "sep-oct",
      "quintile_name": "Sep-Oct",
      "source_file": "2025.09.17 FY26 Ticket Sales Report.xlsx",
      "actual_revenue": 386690,
      "pct_budget": 101.6,
      "num_performances": 16,
      "budget": 380500,
      "total_seats": 307209,
      "seats_sold": 13,
      "capacity_pct": 0,
      "atp": 29005.02,
      "programming": "26 PS1 Music of Journey (3); 26 CS01 Appalachian Spring (3); 26 Top Gun: Maverick in Concert (3); 26 PS2 90s Mixtape (3); 26 FS1 The Orchestra Games (1); Chicken Fried (1); 26 The Lodger (1); 26 CS02 Rachmaninoff Cele Pt 1 (1)"
    },
    {
      "date": "2025-09-22",
      "fiscal_year": "FY26",
      "quintile": "jan-feb",
      "quintile_name": "Jan-Feb",
      "source_file": "2025.09.22 FY26 Ticket Sales Report.xlsx",
      "actual_revenue": 556368,
      "pct_budget": 92.1,
      "num_performances": 15,
      "budget": 604000,
      "total_seats": 56244,
      "seats_sold": 0,
      "capacity_pct": 0,
      "atp": 0,
      "programming": "26 CS05 Pines of Rome & Bruch (3); 26 CS06 Beethoven+ (3); 26 PS3 She's Got Soul (3); 26 CS04 Brahms' Fourth Symphony (1); 27 CS04 Brahms' Fourth Symphony (1); 28 CS04 Brahms' Fourth Symphony (1); 26 CS07 Prokofiev's Fifth Symphony (1); 27 CS07 Prokofiev's Fifth Symphony (1); 28 CS07 Prokofiev's Fifth Symphony (1)"
    },
    {
      "date": "2025-09-22",
      "fiscal_year": "FY26",
      "quintile": "mar-apr",
      "quintile_name": "Mar-Apr",
      "source_file": "2025.09.22 FY26 Ticket Sales Report.xlsx",
      "actual_revenue": 464624,
      "pct_budget": 98.1,
      "num_performances": 13,
      "budget": 473500,
      "total_seats": 67774,
      "seats_sold": 0,
      "capacity_pct": 0,
      "atp": 0,
      "programming": "26 CS08 Saint-Sans & Strauss (3); 26 PS4 Billy Joel & Elton John (3); 26 CS09 Midsummer Night's Dream (3); 26 CS10 Farrenc/Dvork/Schuman (3); 26 FS3 Philharmonia Fantastique (1)"
    },
    {
      "date": "2025-09-22",
      "fiscal_year": "FY26",
      "quintile": "may-jun",
      "quintile_name": "May-Jun",
      "source_file": "2025.09.22 FY26 Ticket Sales Report.xlsx",
      "actual_revenue": 589566,
      "pct_budget": 103.4,
      "num_performances": 15,
      "budget": 570000,
      "total_seats": 81188,
      "seats_sold": 0,
      "capacity_pct": 0,
      "atp": 0,
      "programming": "26 CS11 Grieg's Piano Concerto (3); 26 PS5 Dolly Parton's Threads (3); 26 CS13 Rachmaninoff Cele Pt 2 (3); 26 CS14 Rhapsody in Blue (3); 26 CS12 Gil Shaham Plays Brahm's 4th (1); 27 CS12 Gil Shaham Plays Brahm's 4th (1); 28 CS12 Gil Shaham Plays Brahm's 4th (1)"
    },
    {
      "date": "2025-09-22",
      "fiscal_year": "FY26",
      "quintile": "nov-dec",
      "quintile_name": "Nov-Dec",
      "source_file": "2025.09.22 FY26 Ticket Sales Report.xlsx",
      "actual_revenue": 191396,
      "pct_budget": 71.7,
      "num_performances": 7,
      "budget": 266950,
      "total_seats": 81922,
      "seats_sold": 4,
      "capacity_pct": 0,
      "atp": 50082.7,
      "programming": "26 CS03 Matthias and Mahler 7 (3); 26 CS02 Rachmaninoff Cele Pt 1 (2); 26 FS2 Carnival of the Animals (1); 26 Christmas Festival (1)"
    },
    {
      "date": "2025-09-22",
      "fiscal_year": "FY26",
      "quintile": "sep-oct",
      "quintile_name": "Sep-Oct",
      "source_file": "2025.09.22 FY26 Ticket Sales Report.xlsx",
      "actual_revenue": 370653,
      "pct_budget": 97.4,
      "num_performances": 17,
      "budget": 380500,
      "total_seats": 385027,
      "seats_sold": 12,
      "capacity_pct": 0,
      "atp": 31627.99,
      "programming": "26 PS1 Music of Journey (3); 26 CS01 Appalachian Spring (3); 26 Top Gun: Maverick in Concert (3); 26 PS2 90s Mixtape (3); 26 FS1 The Orchestra Games (1); Chicken Fried (1); 26 The Lodger (1); 26 On-Stage 1 George Li (1); 26 CS02 Rachmaninoff Cele Pt 1 (1)"
    },
    {
      "date": "2025-09-29",
      "fiscal_year": "FY26",
      "quintile": "jan-feb",
      "quintile_name": "Jan-Feb",
      "source_file": "2025.09.29 FY26 Ticket Sales Report.xlsx",
      "actual_revenue": 1341896,
      "pct_budget": 27403197.6,
      "num_performances": 25,
      "budget": 5,
      "total_seats": 27654,
      "seats_sold": 4005,
      "capacity_pct": 14.5,
      "atp": 335.06,
      "programming": "26 Indiana Jones: Raiders Lost (4); 26 Harry Potter 2: Chamber (4); 26 CS05 Pines of Rome & Bruch (3); 26 CS06 Beethoven+ (3); 26 PS3 She's Got Soul (3); 26 CS04 Brahms' Fourth Symphony (1); 27 CS04 Brahms' Fourth Symphony (1); 28 CS04 Brahms' Fourth Symphony (1); 26 On-Stage 2 Leila Josefowicz (1); 26 CS07 Prokofiev's Fifth Symphony (1); 27 CS07 Prokofiev's Fifth Symphony (1); 28 CS07 Prokofiev's Fifth Symphony (1); 26 Chris Thile (1)"
    },
    {
      "date": "2025-09-29",
      "fiscal_year": "FY26",
      "quintile": "mar-apr",
      "quintile_name": "Mar-Apr",
      "source_file": "2025.09.29 FY26 Ticket Sales Report.xlsx",
      "actual_revenue": 503215,
      "pct_budget": 21062575.2,
      "num_performances": 15,
      "budget": 2,
      "total_seats": 15984,
      "seats_sold": 1314,
      "capacity_pct": 8.2,
      "atp": 382.96,
      "programming": "26 CS08 Saint-Sans & Strauss (3); 26 PS4 Billy Joel & Elton John (3); 26 CS09 Midsummer Night's Dream (3); 26 CS10 Farrenc/Dvork/Schuman (3); Final Symphony (2); 26 FS3 Philharmonia Fantastique (1)"
    },
    {
      "date": "2025-09-29",
      "fiscal_year": "FY26",
      "quintile": "may-jun",
      "quintile_name": "May-Jun",
      "source_file": "2025.09.29 FY26 Ticket Sales Report.xlsx",
      "actual_revenue": 712936,
      "pct_budget": 20430777.6,
      "num_performances": 19,
      "budget": 3,
      "total_seats": 17920,
      "seats_sold": 1723,
      "capacity_pct": 9.6,
      "atp": 413.78,
      "programming": "26 CS11 Grieg's Piano Concerto (3); 26 PS5 Dolly Parton's Threads (3); 26 CS13 Rachmaninoff Cele Pt 2 (3); 26 CS14 Rhapsody in Blue (3); Ben Rector (2); 26 On-Stage 3 Gil Shaham (1); 26 CS12 Gil Shaham Plays Brahm's 4th (1); 27 CS12 Gil Shaham Plays Brahm's 4th (1); 28 CS12 Gil Shaham Plays Brahm's 4th (1); 26 On-Stage 4 Yefim Bronfman (1)"
    },
    {
      "date": "2025-09-29",
      "fiscal_year": "FY26",
      "quintile": "nov-dec",
      "quintile_name": "Nov-Dec",
      "source_file": "2025.09.29 FY26 Ticket Sales Report.xlsx",
      "actual_revenue": 1731000,
      "pct_budget": 19199874.8,
      "num_performances": 23,
      "budget": 9,
      "total_seats": 29526,
      "seats_sold": 9178,
      "capacity_pct": 31.1,
      "atp": 188.6,
      "programming": "26 Christmas Festival (6); 26 Elf in Concert (4); 26 CS03 Matthias and Mahler 7 (3); 26 Handel's Messiah (3); 26 CS02 Rachmaninoff Cele Pt 1 (2); 26 Leslie Odom Jr.: Christmas (2); 26 It's a Wonderful Life (2); 26 FS2 Carnival of the Animals (1)"
    },
    {
      "date": "2025-09-29",
      "fiscal_year": "FY26",
      "quintile": "sep-oct",
      "quintile_name": "Sep-Oct",
      "source_file": "2025.09.29 FY26 Ticket Sales Report.xlsx",
      "actual_revenue": 1113632,
      "pct_budget": 8149748.6,
      "num_performances": 19,
      "budget": 14,
      "total_seats": 19678,
      "seats_sold": 9834,
      "capacity_pct": 50,
      "atp": 113.24,
      "programming": "26 PS1 Music of Journey (3); 26 CS01 Appalachian Spring (3); 26 Top Gun: Maverick in Concert (3); 26 PS2 90s Mixtape (3); 26 Morgan Freeman's Symphonic Blues (2); 26 La nuit sombre (1); 26 FS1 The Orchestra Games (1); 26 The Lodger (1); 26 On-Stage 1 George Li (1); 26 CS02 Rachmaninoff Cele Pt 1 (1)"
    },
    {
      "date": "2025-10-07",
      "fiscal_year": "FY26",
      "quintile": "jan-feb",
      "quintile_name": "Jan-Feb",
      "source_file": "2025.10.07 FY26 Ticket Sales Report.xlsx",
      "actual_revenue": 1341900,
      "pct_budget": 27403423.7,
      "num_performances": 25,
      "budget": 5,
      "total_seats": 27654,
      "seats_sold": 4005,
      "capacity_pct": 14.5,
      "atp": 335.06,
      "programming": "26 Indiana Jones: Raiders Lost (4); 26 Harry Potter 2: Chamber (4); 26 CS05 Pines of Rome & Bruch (3); 26 CS06 Beethoven+ (3); 26 PS3 She's Got Soul (3); 26 CS04 Brahms' Fourth Symphony (1); 27 CS04 Brahms' Fourth Symphony (1); 28 CS04 Brahms' Fourth Symphony (1); 26 On-Stage 2 Leila Josefowicz (1); 26 CS07 Prokofiev's Fifth Symphony (1); 27 CS07 Prokofiev's Fifth Symphony (1); 28 CS07 Prokofiev's Fifth Symphony (1); 26 Chris Thile (1)"
    },
    {
      "date": "2025-10-07",
      "fiscal_year": "FY26",
      "quintile": "mar-apr",
      "quintile_name": "Mar-Apr",
      "source_file": "2025.10.07 FY26 Ticket Sales Report.xlsx",
      "actual_revenue": 503218,
      "pct_budget": 21062959.6,
      "num_performances": 15,
      "budget": 2,
      "total_seats": 15984,
      "seats_sold": 1314,
      "capacity_pct": 8.2,
      "atp": 382.97,
      "programming": "26 CS08 Saint-Sans & Strauss (3); 26 PS4 Billy Joel & Elton John (3); 26 CS09 Midsummer Night's Dream (3); 26 CS10 Farrenc/Dvork/Schuman (3); Final Symphony (2); 26 FS3 Philharmonia Fantastique (1)"
    },
    {
      "date": "2025-10-07",
      "fiscal_year": "FY26",
      "quintile": "may-jun",
      "quintile_name": "May-Jun",
      "source_file": "2025.10.07 FY26 Ticket Sales Report.xlsx",
      "actual_revenue": 712936,
      "pct_budget": 20430777.6,
      "num_performances": 19,
      "budget": 3,
      "total_seats": 17920,
      "seats_sold": 1723,
      "capacity_pct": 9.6,
      "atp": 413.78,
      "programming": "26 CS11 Grieg's Piano Concerto (3); 26 PS5 Dolly Parton's Threads (3); 26 CS13 Rachmaninoff Cele Pt 2 (3); 26 CS14 Rhapsody in Blue (3); Ben Rector (2); 26 On-Stage 3 Gil Shaham (1); 26 CS12 Gil Shaham Plays Brahm's 4th (1); 27 CS12 Gil Shaham Plays Brahm's 4th (1); 28 CS12 Gil Shaham Plays Brahm's 4th (1); 26 On-Stage 4 Yefim Bronfman (1)"
    },
    {
      "date": "2025-10-07",
      "fiscal_year": "FY26",
      "quintile": "nov-dec",
      "quintile_name": "Nov-Dec",
      "source_file": "2025.10.07 FY26 Ticket Sales Report.xlsx",
      "actual_revenue": 1731000,
      "pct_budget": 17856526.8,
      "num_performances": 23,
      "budget": 10,
      "total_seats": 29455,
      "seats_sold": 9950,
      "capacity_pct": 33.8,
      "atp": 173.97,
      "programming": "26 Christmas Festival (6); 26 Elf in Concert (4); 26 CS03 Matthias and Mahler 7 (3); 26 Handel's Messiah (3); 26 CS02 Rachmaninoff Cele Pt 1 (2); 26 Leslie Odom Jr.: Christmas (2); 26 It's a Wonderful Life (2); 26 FS2 Carnival of the Animals (1)"
    },
    {
      "date": "2025-10-07",
      "fiscal_year": "FY26",
      "quintile": "sep-oct",
      "quintile_name": "Sep-Oct",
      "source_file": "2025.10.07 FY26 Ticket Sales Report.xlsx",
      "actual_revenue": 1153635,
      "pct_budget": 8186513,
      "num_performances": 19,
      "budget": 14,
      "total_seats": 19798,
      "seats_sold": 10517,
      "capacity_pct": 53.1,
      "atp": 109.69,
      "programming": "26 PS1 Music of Journey (3); 26 CS01 Appalachian Spring (3); 26 Top Gun: Maverick in Concert (3); 26 PS2 90s Mixtape (3); 26 Morgan Freeman's Symphonic Blues (2); 26 La nuit sombre (1); 26 FS1 The Orchestra Games (1); 26 The Lodger (1); 26 On-Stage 1 George Li (1); 26 CS02 Rachmaninoff Cele Pt 1 (1)"
    },
    {
      "date": "2025-10-13",
      "fiscal_year": "FY26",
      "quintile": "jan-feb",
      "quintile_name": "Jan-Feb",
      "source_file": "2025.10.13 FY26 Ticket Sales Report.xlsx",
      "actual_revenue": 276858,
      "pct_budget": 20.6,
      "num_performances": 25,
      "budget": 1341900,
      "total_seats": 27654,
      "seats_sold": 4005,
      "capacity_pct": 14.5,
      "atp": 69.13,
      "programming": "26 Indiana Jones: Raiders Lost (4); 26 Harry Potter 2: Chamber (4); 26 CS05 Pines of Rome & Bruch (3); 26 CS06 Beethoven+ (3); 26 PS3 She's Got Soul (3); 26 CS04 Brahms' Fourth Symphony (1); 27 CS04 Brahms' Fourth Symphony (1); 28 CS04 Brahms' Fourth Symphony (1); 26 On-Stage 2 Leila Josefowicz (1); 26 CS07 Prokofiev's Fifth Symphony (1); 27 CS07 Prokofiev's Fifth Symphony (1); 28 CS07 Prokofiev's Fifth Symphony (1); 26 Chris Thile (1)"
    },
    {
      "date": "2025-10-13",
      "fiscal_year": "FY26",
      "quintile": "mar-apr",
      "quintile_name": "Mar-Apr",
      "source_file": "2025.10.13 FY26 Ticket Sales Report.xlsx",
      "actual_revenue": 78239,
      "pct_budget": 15.5,
      "num_performances": 15,
      "budget": 503218,
      "total_seats": 15984,
      "seats_sold": 1314,
      "capacity_pct": 8.2,
      "atp": 59.54,
      "programming": "26 CS08 Saint-Sans & Strauss (3); 26 PS4 Billy Joel & Elton John (3); 26 CS09 Midsummer Night's Dream (3); 26 CS10 Farrenc/Dvork/Schuman (3); Final Symphony (2); 26 FS3 Philharmonia Fantastique (1)"
    },
    {
      "date": "2025-10-13",
      "fiscal_year": "FY26",
      "quintile": "may-jun",
      "quintile_name": "May-Jun",
      "source_file": "2025.10.13 FY26 Ticket Sales Report.xlsx",
      "actual_revenue": 113236,
      "pct_budget": 15.9,
      "num_performances": 19,
      "budget": 712936,
      "total_seats": 17920,
      "seats_sold": 1723,
      "capacity_pct": 9.6,
      "atp": 65.72,
      "programming": "26 CS11 Grieg's Piano Concerto (3); 26 PS5 Dolly Parton's Threads (3); 26 CS13 Rachmaninoff Cele Pt 2 (3); 26 CS14 Rhapsody in Blue (3); Ben Rector (2); 26 On-Stage 3 Gil Shaham (1); 26 CS12 Gil Shaham Plays Brahm's 4th (1); 27 CS12 Gil Shaham Plays Brahm's 4th (1); 28 CS12 Gil Shaham Plays Brahm's 4th (1); 26 On-Stage 4 Yefim Bronfman (1)"
    },
    {
      "date": "2025-10-13",
      "fiscal_year": "FY26",
      "quintile": "nov-dec",
      "quintile_name": "Nov-Dec",
      "source_file": "2025.10.13 FY26 Ticket Sales Report.xlsx",
      "actual_revenue": 791209,
      "pct_budget": 45.7,
      "num_performances": 23,
      "budget": 1731000,
      "total_seats": 29717,
      "seats_sold": 10980,
      "capacity_pct": 36.9,
      "atp": 72.06,
      "programming": "26 Christmas Festival (6); 26 Elf in Concert (4); 26 CS03 Matthias and Mahler 7 (3); 26 Handel's Messiah (3); 26 CS02 Rachmaninoff Cele Pt 1 (2); 26 Leslie Odom Jr.: Christmas (2); 26 It's a Wonderful Life (2); 26 FS2 Carnival of the Animals (1)"
    },
    {
      "date": "2025-10-13",
      "fiscal_year": "FY26",
      "quintile": "sep-oct",
      "quintile_name": "Sep-Oct",
      "source_file": "2025.10.13 FY26 Ticket Sales Report.xlsx",
      "actual_revenue": 826553,
      "pct_budget": 71.6,
      "num_performances": 19,
      "budget": 1153637,
      "total_seats": 20208,
      "seats_sold": 11611,
      "capacity_pct": 57.5,
      "atp": 71.19,
      "programming": "26 PS1 Music of Journey (3); 26 CS01 Appalachian Spring (3); 26 Top Gun: Maverick in Concert (3); 26 PS2 90s Mixtape (3); 26 Morgan Freeman's Symphonic Blues (2); 26 La nuit sombre (1); 26 FS1 The Orchestra Games (1); 26 The Lodger (1); 26 On-Stage 1 George Li (1); 26 CS02 Rachmaninoff Cele Pt 1 (1)"
    },
    {
      "date": "2025-10-20",
      "fiscal_year": "FY26",
      "quintile": "jan-feb",
      "quintile_name": "Jan-Feb",
      "source_file": "2025.10.20 FY26 Ticket Sales Report.xlsx",
      "actual_revenue": 277783,
      "pct_budget": 20.7,
      "num_performances": 25,
      "budget": 1341900,
      "total_seats": 27659,
      "seats_sold": 4067,
      "capacity_pct": 14.7,
      "atp": 68.3,
      "programming": "26 Indiana Jones: Raiders Lost (4); 26 Harry Potter 2: Chamber (4); 26 CS05 Pines of Rome & Bruch (3); 26 CS06 Beethoven+ (3); 26 PS3 She's Got Soul (3); 26 CS04 Brahms' Fourth Symphony (1); 27 CS04 Brahms' Fourth Symphony (1); 28 CS04 Brahms' Fourth Symphony (1); 26 On-Stage 2 Leila Josefowicz (1); 26 CS07 Prokofiev's Fifth Symphony (1); 27 CS07 Prokofiev's Fifth Symphony (1); 28 CS07 Prokofiev's Fifth Symphony (1); 26 Chris Thile (1)"
    },
    {
      "date": "2025-10-20",
      "fiscal_year": "FY26",
      "quintile": "mar-apr",
      "quintile_name": "Mar-Apr",
      "source_file": "2025.10.20 FY26 Ticket Sales Report.xlsx",
      "actual_revenue": 78239,
      "pct_budget": 15.5,
      "num_performances": 15,
      "budget": 503218,
      "total_seats": 15984,
      "seats_sold": 1314,
      "capacity_pct": 8.2,
      "atp": 59.54,
      "programming": "26 CS08 Saint-Sans & Strauss (3); 26 PS4 Billy Joel & Elton John (3); 26 CS09 Midsummer Night's Dream (3); 26 CS10 Farrenc/Dvork/Schuman (3); Final Symphony (2); 26 FS3 Philharmonia Fantastique (1)"
    },
    {
      "date": "2025-10-20",
      "fiscal_year": "FY26",
      "quintile": "may-jun",
      "quintile_name": "May-Jun",
      "source_file": "2025.10.20 FY26 Ticket Sales Report.xlsx",
      "actual_revenue": 113236,
      "pct_budget": 15.9,
      "num_performances": 19,
      "budget": 712936,
      "total_seats": 17920,
      "seats_sold": 1723,
      "capacity_pct": 9.6,
      "atp": 65.72,
      "programming": "26 CS11 Grieg's Piano Concerto (3); 26 PS5 Dolly Parton's Threads (3); 26 CS13 Rachmaninoff Cele Pt 2 (3); 26 CS14 Rhapsody in Blue (3); Ben Rector (2); 26 On-Stage 3 Gil Shaham (1); 26 CS12 Gil Shaham Plays Brahm's 4th (1); 27 CS12 Gil Shaham Plays Brahm's 4th (1); 28 CS12 Gil Shaham Plays Brahm's 4th (1); 26 On-Stage 4 Yefim Bronfman (1)"
    },
    {
      "date": "2025-10-20",
      "fiscal_year": "FY26",
      "quintile": "nov-dec",
      "quintile_name": "Nov-Dec",
      "source_file": "2025.10.20 FY26 Ticket Sales Report.xlsx",
      "actual_revenue": 874337,
      "pct_budget": 50.5,
      "num_performances": 23,
      "budget": 1731000,
      "total_seats": 29773,
      "seats_sold": 12327,
      "capacity_pct": 41.4,
      "atp": 70.93,
      "programming": "26 Christmas Festival (6); 26 Elf in Concert (4); 26 CS03 Matthias and Mahler 7 (3); 26 Handel's Messiah (3); 26 CS02 Rachmaninoff Cele Pt 1 (2); 26 Leslie Odom Jr.: Christmas (2); 26 It's a Wonderful Life (2); 26 FS2 Carnival of the Animals (1)"
    },
    {
      "date": "2025-10-20",
      "fiscal_year": "FY26",
      "quintile": "sep-oct",
      "quintile_name": "Sep-Oct",
      "source_file": "2025.10.20 FY26 Ticket Sales Report.xlsx",
      "actual_revenue": 863919,
      "pct_budget": 74.9,
      "num_performances": 19,
      "budget": 1153637,
      "total_seats": 20264,
      "seats_sold": 12152,
      "capacity_pct": 60,
      "atp": 71.09,
      "programming": "26 PS1 Music of Journey (3); 26 CS01 Appalachian Spring (3); 26 Top Gun: Maverick in Concert (3); 26 PS2 90s Mixtape (3); 26 Morgan Freeman's Symphonic Blues (2); 26 La nuit sombre (1); 26 FS1 The Orchestra Games (1); 26 The Lodger (1); 26 On-Stage 1 George Li (1); 26 CS02 Rachmaninoff Cele Pt 1 (1)"
    },
    {
      "date": "2025-10-27",
      "fiscal_year": "FY26",
      "quintile": "jan-feb",
      "quintile_name": "Jan-Feb",
      "source_file": "2025.10.27 FY26 Ticket Sales Report.xlsx",
      "actual_revenue": 279774,
      "pct_budget": 20.8,
      "num_performances": 25,
      "budget": 1341900,
      "total_seats": 27673,
      "seats_sold": 4087,
      "capacity_pct": 14.8,
      "atp": 68.45,
      "programming": "26 Indiana Jones: Raiders Lost (4); 26 Harry Potter 2: Chamber (4); 26 CS05 Pines of Rome & Bruch (3); 26 CS06 Beethoven+ (3); 26 PS3 She's Got Soul (3); 26 CS04 Brahms' Fourth Symphony (1); 27 CS04 Brahms' Fourth Symphony (1); 28 CS04 Brahms' Fourth Symphony (1); 26 On-Stage 2 Leila Josefowicz (1); 26 CS07 Prokofiev's Fifth Symphony (1); 27 CS07 Prokofiev's Fifth Symphony (1); 28 CS07 Prokofiev's Fifth Symphony (1); 26 Chris Thile (1)"
    },
    {
      "date": "2025-10-27",
      "fiscal_year": "FY26",
      "quintile": "mar-apr",
      "quintile_name": "Mar-Apr",
      "source_file": "2025.10.27 FY26 Ticket Sales Report.xlsx",
      "actual_revenue": 78239,
      "pct_budget": 15.5,
      "num_performances": 15,
      "budget": 503218,
      "total_seats": 15984,
      "seats_sold": 1314,
      "capacity_pct": 8.2,
      "atp": 59.54,
      "programming": "26 CS08 Saint-Sans & Strauss (3); 26 PS4 Billy Joel & Elton John (3); 26 CS09 Midsummer Night's Dream (3); 26 CS10 Farrenc/Dvork/Schuman (3); Final Symphony (2); 26 FS3 Philharmonia Fantastique (1)"
    },
    {
      "date": "2025-10-27",
      "fiscal_year": "FY26",
      "quintile": "may-jun",
      "quintile_name": "May-Jun",
      "source_file": "2025.10.27 FY26 Ticket Sales Report.xlsx",
      "actual_revenue": 113236,
      "pct_budget": 15.9,
      "num_performances": 19,
      "budget": 712936,
      "total_seats": 17920,
      "seats_sold": 1723,
      "capacity_pct": 9.6,
      "atp": 65.72,
      "programming": "26 CS11 Grieg's Piano Concerto (3); 26 PS5 Dolly Parton's Threads (3); 26 CS13 Rachmaninoff Cele Pt 2 (3); 26 CS14 Rhapsody in Blue (3); Ben Rector (2); 26 On-Stage 3 Gil Shaham (1); 26 CS12 Gil Shaham Plays Brahm's 4th (1); 27 CS12 Gil Shaham Plays Brahm's 4th (1); 28 CS12 Gil Shaham Plays Brahm's 4th (1); 26 On-Stage 4 Yefim Bronfman (1)"
    },
    {
      "date": "2025-10-27",
      "fiscal_year": "FY26",
      "quintile": "nov-dec",
      "quintile_name": "Nov-Dec",
      "source_file": "2025.10.27 FY26 Ticket Sales Report.xlsx",
      "actual_revenue": 968902,
      "pct_budget": 56,
      "num_performances": 23,
      "budget": 1731000,
      "total_seats": 29807,
      "seats_sold": 13865,
      "capacity_pct": 46.5,
      "atp": 69.88,
      "programming": "26 Christmas Festival (6); 26 Elf in Concert (4); 26 CS03 Matthias and Mahler 7 (3); 26 Handel's Messiah (3); 26 CS02 Rachmaninoff Cele Pt 1 (2); 26 Leslie Odom Jr.: Christmas (2); 26 It's a Wonderful Life (2); 26 FS2 Carnival of the Animals (1)"
    },
    {
      "date": "2025-10-27",
      "fiscal_year": "FY26",
      "quintile": "sep-oct",
      "quintile_name": "Sep-Oct",
      "source_file": "2025.10.27 FY26 Ticket Sales Report.xlsx",
      "actual_revenue": 878928,
      "pct_budget": 76.2,
      "num_performances": 19,
      "budget": 1153637,
      "total_seats": 20375,
      "seats_sold": 12724,
      "capacity_pct": 62.4,
      "atp": 69.08,
      "programming": "26 PS1 Music of Journey (3); 26 CS01 Appalachian Spring (3); 26 Top Gun: Maverick in Concert (3); 26 PS2 90s Mixtape (3); 26 Morgan Freeman's Symphonic Blues (2); 26 La nuit sombre (1); 26 FS1 The Orchestra Games (1); 26 The Lodger (1); 26 On-Stage 1 George Li (1); 26 CS02 Rachmaninoff Cele Pt 1 (1)"
    },
    {
      "date": "2025-11-05",
      "fiscal_year": "FY26",
      "quintile": "jan-feb",
      "quintile_name": "Jan-Feb",
      "source_file": "2025.11.05 FY26 Ticket Sales Report.xlsx",
      "actual_revenue": 307488,
      "pct_budget": 22.9,
      "num_performances": 25,
      "budget": 1341900,
      "total_seats": 27710,
      "seats_sold": 4496,
      "capacity_pct": 16.2,
      "atp": 68.39,
      "programming": "26 Indiana Jones: Raiders Lost (4); 26 Harry Potter 2: Chamber (4); 26 CS05 Pines of Rome & Bruch (3); 26 CS06 Beethoven+ (3); 26 PS3 She's Got Soul (3); 26 CS04 Brahms' Fourth Symphony (1); 27 CS04 Brahms' Fourth Symphony (1); 28 CS04 Brahms' Fourth Symphony (1); 26 On-Stage 2 Leila Josefowicz (1); 26 CS07 Prokofiev's Fifth Symphony (1); 27 CS07 Prokofiev's Fifth Symphony (1); 28 CS07 Prokofiev's Fifth Symphony (1); 26 Chris Thile (1)"
    },
    {
      "date": "2025-11-05",
      "fiscal_year": "FY26",
      "quintile": "mar-apr",
      "quintile_name": "Mar-Apr",
      "source_file": "2025.11.05 FY26 Ticket Sales Report.xlsx",
      "actual_revenue": 78239,
      "pct_budget": 15.5,
      "num_performances": 15,
      "budget": 503218,
      "total_seats": 15984,
      "seats_sold": 1314,
      "capacity_pct": 8.2,
      "atp": 59.54,
      "programming": "26 CS08 Saint-Sans & Strauss (3); 26 PS4 Billy Joel & Elton John (3); 26 CS09 Midsummer Night's Dream (3); 26 CS10 Farrenc/Dvork/Schuman (3); Final Symphony (2); 26 FS3 Philharmonia Fantastique (1)"
    },
    {
      "date": "2025-11-05",
      "fiscal_year": "FY26",
      "quintile": "may-jun",
      "quintile_name": "May-Jun",
      "source_file": "2025.11.05 FY26 Ticket Sales Report.xlsx",
      "actual_revenue": 113236,
      "pct_budget": 15.9,
      "num_performances": 19,
      "budget": 712936,
      "total_seats": 17920,
      "seats_sold": 1723,
      "capacity_pct": 9.6,
      "atp": 65.72,
      "programming": "26 CS11 Grieg's Piano Concerto (3); 26 PS5 Dolly Parton's Threads (3); 26 CS13 Rachmaninoff Cele Pt 2 (3); 26 CS14 Rhapsody in Blue (3); Ben Rector (2); 26 On-Stage 3 Gil Shaham (1); 26 CS12 Gil Shaham Plays Brahm's 4th (1); 27 CS12 Gil Shaham Plays Brahm's 4th (1); 28 CS12 Gil Shaham Plays Brahm's 4th (1); 26 On-Stage 4 Yefim Bronfman (1)"
    },
    {
      "date": "2025-11-05",
      "fiscal_year": "FY26",
      "quintile": "nov-dec",
      "quintile_name": "Nov-Dec",
      "source_file": "2025.11.05 FY26 Ticket Sales Report.xlsx",
      "actual_revenue": 1136419,
      "pct_budget": 65.7,
      "num_performances": 23,
      "budget": 1731000,
      "total_seats": 30007,
      "seats_sold": 16657,
      "capacity_pct": 55.5,
      "atp": 68.22,
      "programming": "26 Christmas Festival (6); 26 Elf in Concert (4); 26 CS03 Matthias and Mahler 7 (3); 26 Handel's Messiah (3); 26 CS02 Rachmaninoff Cele Pt 1 (2); 26 Leslie Odom Jr.: Christmas (2); 26 It's a Wonderful Life (2); 26 FS2 Carnival of the Animals (1)"
    },
    {
      "date": "2025-11-05",
      "fiscal_year": "FY26",
      "quintile": "sep-oct",
      "quintile_name": "Sep-Oct",
      "source_file": "2025.11.05 FY26 Ticket Sales Report.xlsx",
      "actual_revenue": 884325,
      "pct_budget": 76.7,
      "num_performances": 19,
      "budget": 1153637,
      "total_seats": 20413,
      "seats_sold": 12985,
      "capacity_pct": 63.6,
      "atp": 68.1,
      "programming": "26 PS1 Music of Journey (3); 26 CS01 Appalachian Spring (3); 26 Top Gun: Maverick in Concert (3); 26 PS2 90s Mixtape (3); 26 Morgan Freeman's Symphonic Blues (2); 26 La nuit sombre (1); 26 FS1 The Orchestra Games (1); 26 The Lodger (1); 26 On-Stage 1 George Li (1); 26 CS02 Rachmaninoff Cele Pt 1 (1)"
    }
  ]
}